%YAML 1.1
%TAG !u! tag:unity3d.com,2011:
--- !u!1 &4788474213131766529
GameObject:
  m_ObjectHideFlags: 0
  m_CorrespondingSourceObject: {fileID: 0}
  m_PrefabInstance: {fileID: 0}
  m_PrefabAsset: {fileID: 0}
  serializedVersion: 6
  m_Component:
  - component: {fileID: 4788474213131766654}
  - component: {fileID: 4788474213131766653}
  - component: {fileID: 4788474213131766652}
  - component: {fileID: 4788474213131766531}
  - component: {fileID: 4788474213131766530}
  - component: {fileID: 4788474213131766655}
  m_Layer: 0
  m_Name: Bird
  m_TagString: Untagged
  m_Icon: {fileID: 0}
  m_NavMeshLayer: 0
  m_StaticEditorFlags: 0
  m_IsActive: 1
--- !u!4 &4788474213131766654
Transform:
  m_ObjectHideFlags: 0
  m_CorrespondingSourceObject: {fileID: 0}
  m_PrefabInstance: {fileID: 0}
  m_PrefabAsset: {fileID: 0}
  m_GameObject: {fileID: 4788474213131766529}
  m_LocalRotation: {x: 0, y: 0, z: 0, w: 1}
  m_LocalPosition: {x: 10.56, y: 15.2, z: 53.83}
  m_LocalScale: {x: 1, y: 1, z: 1}
  m_Children: []
  m_Father: {fileID: 0}
  m_RootOrder: 0
  m_LocalEulerAnglesHint: {x: 0, y: 0, z: 0}
--- !u!114 &4788474213131766653
MonoBehaviour:
  m_ObjectHideFlags: 0
  m_CorrespondingSourceObject: {fileID: 0}
  m_PrefabInstance: {fileID: 0}
  m_PrefabAsset: {fileID: 0}
  m_GameObject: {fileID: 4788474213131766529}
  m_Enabled: 1
  m_EditorHideFlags: 0
  m_Script: {fileID: 11500000, guid: 8233d90336aea43098adf6dbabd606a2, type: 3}
  m_Name: 
  m_EditorClassIdentifier: 
  m_MeshFormatVersion: 1
  m_Faces:
  - m_Indexes: 000000000100000002000000030000000000000002000000
    m_SmoothingGroup: 0
    m_Uv:
      m_UseWorldSpace: 0
      m_FlipU: 0
      m_FlipV: 0
      m_SwapUV: 0
      m_Fill: 1
      m_Scale: {x: 1, y: 1}
      m_Offset: {x: 0, y: 0}
      m_Rotation: 0
      m_Anchor: 9
    m_Material: {fileID: 2100000, guid: 31321ba15b8f8eb4c954353edc038b1d, type: 2}
    m_SubmeshIndex: 0
    m_ManualUV: 0
    elementGroup: 0
    m_TextureGroup: 1
  - m_Indexes: 040000000500000006000000070000000400000006000000
    m_SmoothingGroup: 0
    m_Uv:
      m_UseWorldSpace: 0
      m_FlipU: 0
      m_FlipV: 0
      m_SwapUV: 0
      m_Fill: 1
      m_Scale: {x: 1, y: 1}
      m_Offset: {x: 0, y: 0}
      m_Rotation: 0
      m_Anchor: 9
    m_Material: {fileID: 2100000, guid: 31321ba15b8f8eb4c954353edc038b1d, type: 2}
    m_SubmeshIndex: 0
    m_ManualUV: 0
    elementGroup: 0
    m_TextureGroup: 1
  - m_Indexes: 0b00000008000000090000000a0000000b00000009000000
    m_SmoothingGroup: 0
    m_Uv:
      m_UseWorldSpace: 0
      m_FlipU: 0
      m_FlipV: 0
      m_SwapUV: 0
      m_Fill: 1
      m_Scale: {x: 1, y: 1}
      m_Offset: {x: 0, y: 0}
      m_Rotation: 0
      m_Anchor: 9
    m_Material: {fileID: 2100000, guid: 31321ba15b8f8eb4c954353edc038b1d, type: 2}
    m_SubmeshIndex: 0
    m_ManualUV: 0
    elementGroup: 0
    m_TextureGroup: 1
  - m_Indexes: 0e0000000f0000000c0000000d0000000e0000000c000000
    m_SmoothingGroup: 0
    m_Uv:
      m_UseWorldSpace: 0
      m_FlipU: 0
      m_FlipV: 0
      m_SwapUV: 0
      m_Fill: 1
      m_Scale: {x: 1, y: 1}
      m_Offset: {x: 0, y: 0}
      m_Rotation: 0
      m_Anchor: 9
    m_Material: {fileID: 2100000, guid: 31321ba15b8f8eb4c954353edc038b1d, type: 2}
    m_SubmeshIndex: 0
    m_ManualUV: 0
    elementGroup: 0
    m_TextureGroup: 1
  - m_Indexes: 100000001100000012000000130000001000000012000000
    m_SmoothingGroup: 0
    m_Uv:
      m_UseWorldSpace: 0
      m_FlipU: 0
      m_FlipV: 0
      m_SwapUV: 0
      m_Fill: 1
      m_Scale: {x: 1, y: 1}
      m_Offset: {x: 0, y: 0}
      m_Rotation: 0
      m_Anchor: 9
    m_Material: {fileID: 2100000, guid: 31321ba15b8f8eb4c954353edc038b1d, type: 2}
    m_SubmeshIndex: 0
    m_ManualUV: 0
    elementGroup: 0
    m_TextureGroup: 1
  - m_Indexes: 140000001500000016000000170000001400000016000000
    m_SmoothingGroup: 0
    m_Uv:
      m_UseWorldSpace: 0
      m_FlipU: 0
      m_FlipV: 0
      m_SwapUV: 0
      m_Fill: 1
      m_Scale: {x: 1, y: 1}
      m_Offset: {x: 0, y: 0}
      m_Rotation: 0
      m_Anchor: 9
    m_Material: {fileID: 2100000, guid: 31321ba15b8f8eb4c954353edc038b1d, type: 2}
    m_SubmeshIndex: 0
    m_ManualUV: 0
    elementGroup: 0
    m_TextureGroup: 1
  - m_Indexes: 1b00000018000000190000001a0000001b00000019000000
    m_SmoothingGroup: 0
    m_Uv:
      m_UseWorldSpace: 0
      m_FlipU: 0
      m_FlipV: 0
      m_SwapUV: 0
      m_Fill: 1
      m_Scale: {x: 1, y: 1}
      m_Offset: {x: 0, y: 0}
      m_Rotation: 0
      m_Anchor: 9
    m_Material: {fileID: 2100000, guid: 31321ba15b8f8eb4c954353edc038b1d, type: 2}
    m_SubmeshIndex: 0
    m_ManualUV: 0
    elementGroup: 0
    m_TextureGroup: 1
  - m_Indexes: 1e0000001f0000001c0000001d0000001e0000001c000000
    m_SmoothingGroup: 0
    m_Uv:
      m_UseWorldSpace: 0
      m_FlipU: 0
      m_FlipV: 0
      m_SwapUV: 0
      m_Fill: 1
      m_Scale: {x: 1, y: 1}
      m_Offset: {x: 0, y: 0}
      m_Rotation: 0
      m_Anchor: 9
    m_Material: {fileID: 2100000, guid: 31321ba15b8f8eb4c954353edc038b1d, type: 2}
    m_SubmeshIndex: 0
    m_ManualUV: 0
    elementGroup: 0
    m_TextureGroup: 1
  - m_Indexes: 200000002100000022000000230000002000000022000000
    m_SmoothingGroup: 0
    m_Uv:
      m_UseWorldSpace: 0
      m_FlipU: 0
      m_FlipV: 0
      m_SwapUV: 0
      m_Fill: 1
      m_Scale: {x: 1, y: 1}
      m_Offset: {x: 0, y: 0}
      m_Rotation: 0
      m_Anchor: 9
    m_Material: {fileID: 2100000, guid: 31321ba15b8f8eb4c954353edc038b1d, type: 2}
    m_SubmeshIndex: 0
    m_ManualUV: 0
    elementGroup: 0
    m_TextureGroup: 1
  - m_Indexes: 240000002500000026000000270000002400000026000000
    m_SmoothingGroup: 0
    m_Uv:
      m_UseWorldSpace: 0
      m_FlipU: 0
      m_FlipV: 0
      m_SwapUV: 0
      m_Fill: 1
      m_Scale: {x: 1, y: 1}
      m_Offset: {x: 0, y: 0}
      m_Rotation: 0
      m_Anchor: 9
    m_Material: {fileID: 2100000, guid: 31321ba15b8f8eb4c954353edc038b1d, type: 2}
    m_SubmeshIndex: 0
    m_ManualUV: 0
    elementGroup: 0
    m_TextureGroup: 1
  - m_Indexes: 2b00000028000000290000002a0000002b00000029000000
    m_SmoothingGroup: 0
    m_Uv:
      m_UseWorldSpace: 0
      m_FlipU: 0
      m_FlipV: 0
      m_SwapUV: 0
      m_Fill: 1
      m_Scale: {x: 1, y: 1}
      m_Offset: {x: 0, y: 0}
      m_Rotation: 0
      m_Anchor: 9
    m_Material: {fileID: 2100000, guid: 31321ba15b8f8eb4c954353edc038b1d, type: 2}
    m_SubmeshIndex: 0
    m_ManualUV: 0
    elementGroup: 0
    m_TextureGroup: 1
  - m_Indexes: 2e0000002f0000002c0000002d0000002e0000002c000000
    m_SmoothingGroup: 0
    m_Uv:
      m_UseWorldSpace: 0
      m_FlipU: 0
      m_FlipV: 0
      m_SwapUV: 0
      m_Fill: 1
      m_Scale: {x: 1, y: 1}
      m_Offset: {x: 0, y: 0}
      m_Rotation: 0
      m_Anchor: 9
    m_Material: {fileID: 2100000, guid: 31321ba15b8f8eb4c954353edc038b1d, type: 2}
    m_SubmeshIndex: 0
    m_ManualUV: 0
    elementGroup: 0
    m_TextureGroup: 1
  - m_Indexes: 300000003100000032000000330000003000000032000000
    m_SmoothingGroup: 0
    m_Uv:
      m_UseWorldSpace: 0
      m_FlipU: 0
      m_FlipV: 0
      m_SwapUV: 0
      m_Fill: 1
      m_Scale: {x: 1, y: 1}
      m_Offset: {x: 0, y: 0}
      m_Rotation: 0
      m_Anchor: 9
    m_Material: {fileID: 2100000, guid: 31321ba15b8f8eb4c954353edc038b1d, type: 2}
    m_SubmeshIndex: 0
    m_ManualUV: 0
    elementGroup: 0
    m_TextureGroup: 1
  - m_Indexes: 340000003500000036000000370000003400000036000000
    m_SmoothingGroup: 0
    m_Uv:
      m_UseWorldSpace: 0
      m_FlipU: 0
      m_FlipV: 0
      m_SwapUV: 0
      m_Fill: 1
      m_Scale: {x: 1, y: 1}
      m_Offset: {x: 0, y: 0}
      m_Rotation: 0
      m_Anchor: 9
    m_Material: {fileID: 2100000, guid: 31321ba15b8f8eb4c954353edc038b1d, type: 2}
    m_SubmeshIndex: 0
    m_ManualUV: 0
    elementGroup: 0
    m_TextureGroup: 1
  - m_Indexes: 3b00000038000000390000003a0000003b00000039000000
    m_SmoothingGroup: 0
    m_Uv:
      m_UseWorldSpace: 0
      m_FlipU: 0
      m_FlipV: 0
      m_SwapUV: 0
      m_Fill: 1
      m_Scale: {x: 1, y: 1}
      m_Offset: {x: 0, y: 0}
      m_Rotation: 0
      m_Anchor: 9
    m_Material: {fileID: 2100000, guid: 31321ba15b8f8eb4c954353edc038b1d, type: 2}
    m_SubmeshIndex: 0
    m_ManualUV: 0
    elementGroup: 0
    m_TextureGroup: 1
  - m_Indexes: 3e0000003f0000003c0000003d0000003e0000003c000000
    m_SmoothingGroup: 0
    m_Uv:
      m_UseWorldSpace: 0
      m_FlipU: 0
      m_FlipV: 0
      m_SwapUV: 0
      m_Fill: 1
      m_Scale: {x: 1, y: 1}
      m_Offset: {x: 0, y: 0}
      m_Rotation: 0
      m_Anchor: 9
    m_Material: {fileID: 2100000, guid: 31321ba15b8f8eb4c954353edc038b1d, type: 2}
    m_SubmeshIndex: 0
    m_ManualUV: 0
    elementGroup: 0
    m_TextureGroup: 1
  - m_Indexes: 400000004100000042000000430000004000000042000000
    m_SmoothingGroup: 0
    m_Uv:
      m_UseWorldSpace: 0
      m_FlipU: 0
      m_FlipV: 0
      m_SwapUV: 0
      m_Fill: 1
      m_Scale: {x: 1, y: 1}
      m_Offset: {x: 0, y: 0}
      m_Rotation: 0
      m_Anchor: 9
    m_Material: {fileID: 2100000, guid: 31321ba15b8f8eb4c954353edc038b1d, type: 2}
    m_SubmeshIndex: 0
    m_ManualUV: 0
    elementGroup: 0
    m_TextureGroup: 2
  - m_Indexes: 440000004500000046000000470000004400000046000000
    m_SmoothingGroup: 0
    m_Uv:
      m_UseWorldSpace: 0
      m_FlipU: 0
      m_FlipV: 0
      m_SwapUV: 0
      m_Fill: 1
      m_Scale: {x: 1, y: 1}
      m_Offset: {x: 0, y: 0}
      m_Rotation: 0
      m_Anchor: 9
    m_Material: {fileID: 2100000, guid: 31321ba15b8f8eb4c954353edc038b1d, type: 2}
    m_SubmeshIndex: 0
    m_ManualUV: 0
    elementGroup: 0
    m_TextureGroup: 2
  - m_Indexes: 4b00000048000000490000004a0000004b00000049000000
    m_SmoothingGroup: 0
    m_Uv:
      m_UseWorldSpace: 0
      m_FlipU: 0
      m_FlipV: 0
      m_SwapUV: 0
      m_Fill: 1
      m_Scale: {x: 1, y: 1}
      m_Offset: {x: 0, y: 0}
      m_Rotation: 0
      m_Anchor: 9
    m_Material: {fileID: 2100000, guid: 31321ba15b8f8eb4c954353edc038b1d, type: 2}
    m_SubmeshIndex: 0
    m_ManualUV: 0
    elementGroup: 0
    m_TextureGroup: 2
  - m_Indexes: 4e0000004f0000004c0000004d0000004e0000004c000000
    m_SmoothingGroup: 0
    m_Uv:
      m_UseWorldSpace: 0
      m_FlipU: 0
      m_FlipV: 0
      m_SwapUV: 0
      m_Fill: 1
      m_Scale: {x: 1, y: 1}
      m_Offset: {x: 0, y: 0}
      m_Rotation: 0
      m_Anchor: 9
    m_Material: {fileID: 2100000, guid: 31321ba15b8f8eb4c954353edc038b1d, type: 2}
    m_SubmeshIndex: 0
    m_ManualUV: 0
    elementGroup: 0
    m_TextureGroup: 2
  - m_Indexes: 500000005100000052000000530000005000000052000000
    m_SmoothingGroup: 0
    m_Uv:
      m_UseWorldSpace: 0
      m_FlipU: 0
      m_FlipV: 0
      m_SwapUV: 0
      m_Fill: 1
      m_Scale: {x: 1, y: 1}
      m_Offset: {x: 0, y: 0}
      m_Rotation: 0
      m_Anchor: 9
    m_Material: {fileID: 2100000, guid: 31321ba15b8f8eb4c954353edc038b1d, type: 2}
    m_SubmeshIndex: 0
    m_ManualUV: 0
    elementGroup: 0
    m_TextureGroup: 2
  - m_Indexes: 540000005500000056000000570000005400000056000000
    m_SmoothingGroup: 0
    m_Uv:
      m_UseWorldSpace: 0
      m_FlipU: 0
      m_FlipV: 0
      m_SwapUV: 0
      m_Fill: 1
      m_Scale: {x: 1, y: 1}
      m_Offset: {x: 0, y: 0}
      m_Rotation: 0
      m_Anchor: 9
    m_Material: {fileID: 2100000, guid: 31321ba15b8f8eb4c954353edc038b1d, type: 2}
    m_SubmeshIndex: 0
    m_ManualUV: 0
    elementGroup: 0
    m_TextureGroup: 2
  - m_Indexes: 5b00000058000000590000005a0000005b00000059000000
    m_SmoothingGroup: 0
    m_Uv:
      m_UseWorldSpace: 0
      m_FlipU: 0
      m_FlipV: 0
      m_SwapUV: 0
      m_Fill: 1
      m_Scale: {x: 1, y: 1}
      m_Offset: {x: 0, y: 0}
      m_Rotation: 0
      m_Anchor: 9
    m_Material: {fileID: 2100000, guid: 31321ba15b8f8eb4c954353edc038b1d, type: 2}
    m_SubmeshIndex: 0
    m_ManualUV: 0
    elementGroup: 0
    m_TextureGroup: 2
  - m_Indexes: 5e0000005f0000005c0000005d0000005e0000005c000000
    m_SmoothingGroup: 0
    m_Uv:
      m_UseWorldSpace: 0
      m_FlipU: 0
      m_FlipV: 0
      m_SwapUV: 0
      m_Fill: 1
      m_Scale: {x: 1, y: 1}
      m_Offset: {x: 0, y: 0}
      m_Rotation: 0
      m_Anchor: 9
    m_Material: {fileID: 2100000, guid: 31321ba15b8f8eb4c954353edc038b1d, type: 2}
    m_SubmeshIndex: 0
    m_ManualUV: 0
    elementGroup: 0
    m_TextureGroup: 2
  - m_Indexes: 600000006100000062000000630000006000000062000000
    m_SmoothingGroup: 0
    m_Uv:
      m_UseWorldSpace: 0
      m_FlipU: 0
      m_FlipV: 0
      m_SwapUV: 0
      m_Fill: 1
      m_Scale: {x: 1, y: 1}
      m_Offset: {x: 0, y: 0}
      m_Rotation: 0
      m_Anchor: 9
    m_Material: {fileID: 2100000, guid: 31321ba15b8f8eb4c954353edc038b1d, type: 2}
    m_SubmeshIndex: 0
    m_ManualUV: 0
    elementGroup: 0
    m_TextureGroup: 2
  - m_Indexes: 640000006500000066000000670000006400000066000000
    m_SmoothingGroup: 0
    m_Uv:
      m_UseWorldSpace: 0
      m_FlipU: 0
      m_FlipV: 0
      m_SwapUV: 0
      m_Fill: 1
      m_Scale: {x: 1, y: 1}
      m_Offset: {x: 0, y: 0}
      m_Rotation: 0
      m_Anchor: 9
    m_Material: {fileID: 2100000, guid: 31321ba15b8f8eb4c954353edc038b1d, type: 2}
    m_SubmeshIndex: 0
    m_ManualUV: 0
    elementGroup: 0
    m_TextureGroup: 2
  - m_Indexes: 6b00000068000000690000006a0000006b00000069000000
    m_SmoothingGroup: 0
    m_Uv:
      m_UseWorldSpace: 0
      m_FlipU: 0
      m_FlipV: 0
      m_SwapUV: 0
      m_Fill: 1
      m_Scale: {x: 1, y: 1}
      m_Offset: {x: 0, y: 0}
      m_Rotation: 0
      m_Anchor: 9
    m_Material: {fileID: 2100000, guid: 31321ba15b8f8eb4c954353edc038b1d, type: 2}
    m_SubmeshIndex: 0
    m_ManualUV: 0
    elementGroup: 0
    m_TextureGroup: 2
  - m_Indexes: 6e0000006f0000006c0000006d0000006e0000006c000000
    m_SmoothingGroup: 0
    m_Uv:
      m_UseWorldSpace: 0
      m_FlipU: 0
      m_FlipV: 0
      m_SwapUV: 0
      m_Fill: 1
      m_Scale: {x: 1, y: 1}
      m_Offset: {x: 0, y: 0}
      m_Rotation: 0
      m_Anchor: 9
    m_Material: {fileID: 2100000, guid: 31321ba15b8f8eb4c954353edc038b1d, type: 2}
    m_SubmeshIndex: 0
    m_ManualUV: 0
    elementGroup: 0
    m_TextureGroup: 2
  - m_Indexes: 700000007100000072000000730000007000000072000000
    m_SmoothingGroup: 0
    m_Uv:
      m_UseWorldSpace: 0
      m_FlipU: 0
      m_FlipV: 0
      m_SwapUV: 0
      m_Fill: 1
      m_Scale: {x: 1, y: 1}
      m_Offset: {x: 0, y: 0}
      m_Rotation: 0
      m_Anchor: 9
    m_Material: {fileID: 2100000, guid: 31321ba15b8f8eb4c954353edc038b1d, type: 2}
    m_SubmeshIndex: 0
    m_ManualUV: 0
    elementGroup: 0
    m_TextureGroup: 2
  - m_Indexes: 740000007500000076000000770000007400000076000000
    m_SmoothingGroup: 0
    m_Uv:
      m_UseWorldSpace: 0
      m_FlipU: 0
      m_FlipV: 0
      m_SwapUV: 0
      m_Fill: 1
      m_Scale: {x: 1, y: 1}
      m_Offset: {x: 0, y: 0}
      m_Rotation: 0
      m_Anchor: 9
    m_Material: {fileID: 2100000, guid: 31321ba15b8f8eb4c954353edc038b1d, type: 2}
    m_SubmeshIndex: 0
    m_ManualUV: 0
    elementGroup: 0
    m_TextureGroup: 2
  - m_Indexes: 7b00000078000000790000007a0000007b00000079000000
    m_SmoothingGroup: 0
    m_Uv:
      m_UseWorldSpace: 0
      m_FlipU: 0
      m_FlipV: 0
      m_SwapUV: 0
      m_Fill: 1
      m_Scale: {x: 1, y: 1}
      m_Offset: {x: 0, y: 0}
      m_Rotation: 0
      m_Anchor: 9
    m_Material: {fileID: 2100000, guid: 31321ba15b8f8eb4c954353edc038b1d, type: 2}
    m_SubmeshIndex: 0
    m_ManualUV: 0
    elementGroup: 0
    m_TextureGroup: 2
  - m_Indexes: 7e0000007f0000007c0000007d0000007e0000007c000000
    m_SmoothingGroup: 0
    m_Uv:
      m_UseWorldSpace: 0
      m_FlipU: 0
      m_FlipV: 0
      m_SwapUV: 0
      m_Fill: 1
      m_Scale: {x: 1, y: 1}
      m_Offset: {x: 0, y: 0}
      m_Rotation: 0
      m_Anchor: 9
    m_Material: {fileID: 2100000, guid: 31321ba15b8f8eb4c954353edc038b1d, type: 2}
    m_SubmeshIndex: 0
    m_ManualUV: 0
    elementGroup: 0
    m_TextureGroup: 2
  - m_Indexes: 820000008000000081000000820000008300000080000000
    m_SmoothingGroup: 0
    m_Uv:
      m_UseWorldSpace: 0
      m_FlipU: 0
      m_FlipV: 0
      m_SwapUV: 0
      m_Fill: 1
      m_Scale: {x: 1, y: 1}
      m_Offset: {x: 0, y: 0}
      m_Rotation: 0
      m_Anchor: 9
    m_Material: {fileID: 2100000, guid: 31321ba15b8f8eb4c954353edc038b1d, type: 2}
    m_SubmeshIndex: 0
    m_ManualUV: 0
    elementGroup: 0
    m_TextureGroup: 3
  - m_Indexes: 860000008400000085000000860000008700000084000000
    m_SmoothingGroup: 0
    m_Uv:
      m_UseWorldSpace: 0
      m_FlipU: 0
      m_FlipV: 0
      m_SwapUV: 0
      m_Fill: 1
      m_Scale: {x: 1, y: 1}
      m_Offset: {x: 0, y: 0}
      m_Rotation: 0
      m_Anchor: 9
    m_Material: {fileID: 2100000, guid: 31321ba15b8f8eb4c954353edc038b1d, type: 2}
    m_SubmeshIndex: 0
    m_ManualUV: 0
    elementGroup: 0
    m_TextureGroup: 3
  - m_Indexes: 890000008b00000088000000890000008a0000008b000000
    m_SmoothingGroup: 0
    m_Uv:
      m_UseWorldSpace: 0
      m_FlipU: 0
      m_FlipV: 0
      m_SwapUV: 0
      m_Fill: 1
      m_Scale: {x: 1, y: 1}
      m_Offset: {x: 0, y: 0}
      m_Rotation: 0
      m_Anchor: 9
    m_Material: {fileID: 2100000, guid: 31321ba15b8f8eb4c954353edc038b1d, type: 2}
    m_SubmeshIndex: 0
    m_ManualUV: 0
    elementGroup: 0
    m_TextureGroup: 3
  - m_Indexes: 8c0000008e0000008f0000008c0000008d0000008e000000
    m_SmoothingGroup: 0
    m_Uv:
      m_UseWorldSpace: 0
      m_FlipU: 0
      m_FlipV: 0
      m_SwapUV: 0
      m_Fill: 1
      m_Scale: {x: 1, y: 1}
      m_Offset: {x: 0, y: 0}
      m_Rotation: 0
      m_Anchor: 9
    m_Material: {fileID: 2100000, guid: 31321ba15b8f8eb4c954353edc038b1d, type: 2}
    m_SubmeshIndex: 0
    m_ManualUV: 0
    elementGroup: 0
    m_TextureGroup: 3
  - m_Indexes: 920000009000000091000000920000009300000090000000
    m_SmoothingGroup: 0
    m_Uv:
      m_UseWorldSpace: 0
      m_FlipU: 0
      m_FlipV: 0
      m_SwapUV: 0
      m_Fill: 1
      m_Scale: {x: 1, y: 1}
      m_Offset: {x: 0, y: 0}
      m_Rotation: 0
      m_Anchor: 9
    m_Material: {fileID: 2100000, guid: 31321ba15b8f8eb4c954353edc038b1d, type: 2}
    m_SubmeshIndex: 0
    m_ManualUV: 0
    elementGroup: 0
    m_TextureGroup: 3
  - m_Indexes: 960000009400000095000000960000009700000094000000
    m_SmoothingGroup: 0
    m_Uv:
      m_UseWorldSpace: 0
      m_FlipU: 0
      m_FlipV: 0
      m_SwapUV: 0
      m_Fill: 1
      m_Scale: {x: 1, y: 1}
      m_Offset: {x: 0, y: 0}
      m_Rotation: 0
      m_Anchor: 9
    m_Material: {fileID: 2100000, guid: 31321ba15b8f8eb4c954353edc038b1d, type: 2}
    m_SubmeshIndex: 0
    m_ManualUV: 0
    elementGroup: 0
    m_TextureGroup: 3
  - m_Indexes: 990000009b00000098000000990000009a0000009b000000
    m_SmoothingGroup: 0
    m_Uv:
      m_UseWorldSpace: 0
      m_FlipU: 0
      m_FlipV: 0
      m_SwapUV: 0
      m_Fill: 1
      m_Scale: {x: 1, y: 1}
      m_Offset: {x: 0, y: 0}
      m_Rotation: 0
      m_Anchor: 9
    m_Material: {fileID: 2100000, guid: 31321ba15b8f8eb4c954353edc038b1d, type: 2}
    m_SubmeshIndex: 0
    m_ManualUV: 0
    elementGroup: 0
    m_TextureGroup: 3
  - m_Indexes: 9c0000009e0000009f0000009c0000009d0000009e000000
    m_SmoothingGroup: 0
    m_Uv:
      m_UseWorldSpace: 0
      m_FlipU: 0
      m_FlipV: 0
      m_SwapUV: 0
      m_Fill: 1
      m_Scale: {x: 1, y: 1}
      m_Offset: {x: 0, y: 0}
      m_Rotation: 0
      m_Anchor: 9
    m_Material: {fileID: 2100000, guid: 31321ba15b8f8eb4c954353edc038b1d, type: 2}
    m_SubmeshIndex: 0
    m_ManualUV: 0
    elementGroup: 0
    m_TextureGroup: 3
  - m_Indexes: a2000000a0000000a1000000a2000000a3000000a0000000
    m_SmoothingGroup: 0
    m_Uv:
      m_UseWorldSpace: 0
      m_FlipU: 0
      m_FlipV: 0
      m_SwapUV: 0
      m_Fill: 1
      m_Scale: {x: 1, y: 1}
      m_Offset: {x: 0, y: 0}
      m_Rotation: 0
      m_Anchor: 9
    m_Material: {fileID: 2100000, guid: 31321ba15b8f8eb4c954353edc038b1d, type: 2}
    m_SubmeshIndex: 0
    m_ManualUV: 0
    elementGroup: 0
    m_TextureGroup: 3
  - m_Indexes: a6000000a4000000a5000000a6000000a7000000a4000000
    m_SmoothingGroup: 0
    m_Uv:
      m_UseWorldSpace: 0
      m_FlipU: 0
      m_FlipV: 0
      m_SwapUV: 0
      m_Fill: 1
      m_Scale: {x: 1, y: 1}
      m_Offset: {x: 0, y: 0}
      m_Rotation: 0
      m_Anchor: 9
    m_Material: {fileID: 2100000, guid: 31321ba15b8f8eb4c954353edc038b1d, type: 2}
    m_SubmeshIndex: 0
    m_ManualUV: 0
    elementGroup: 0
    m_TextureGroup: 3
  - m_Indexes: a9000000ab000000a8000000a9000000aa000000ab000000
    m_SmoothingGroup: 0
    m_Uv:
      m_UseWorldSpace: 0
      m_FlipU: 0
      m_FlipV: 0
      m_SwapUV: 0
      m_Fill: 1
      m_Scale: {x: 1, y: 1}
      m_Offset: {x: 0, y: 0}
      m_Rotation: 0
      m_Anchor: 9
    m_Material: {fileID: 2100000, guid: 31321ba15b8f8eb4c954353edc038b1d, type: 2}
    m_SubmeshIndex: 0
    m_ManualUV: 0
    elementGroup: 0
    m_TextureGroup: 3
  - m_Indexes: ac000000ae000000af000000ac000000ad000000ae000000
    m_SmoothingGroup: 0
    m_Uv:
      m_UseWorldSpace: 0
      m_FlipU: 0
      m_FlipV: 0
      m_SwapUV: 0
      m_Fill: 1
      m_Scale: {x: 1, y: 1}
      m_Offset: {x: 0, y: 0}
      m_Rotation: 0
      m_Anchor: 9
    m_Material: {fileID: 2100000, guid: 31321ba15b8f8eb4c954353edc038b1d, type: 2}
    m_SubmeshIndex: 0
    m_ManualUV: 0
    elementGroup: 0
    m_TextureGroup: 3
  - m_Indexes: b2000000b0000000b1000000b2000000b3000000b0000000
    m_SmoothingGroup: 0
    m_Uv:
      m_UseWorldSpace: 0
      m_FlipU: 0
      m_FlipV: 0
      m_SwapUV: 0
      m_Fill: 1
      m_Scale: {x: 1, y: 1}
      m_Offset: {x: 0, y: 0}
      m_Rotation: 0
      m_Anchor: 9
    m_Material: {fileID: 2100000, guid: 31321ba15b8f8eb4c954353edc038b1d, type: 2}
    m_SubmeshIndex: 0
    m_ManualUV: 0
    elementGroup: 0
    m_TextureGroup: 3
  - m_Indexes: b6000000b4000000b5000000b6000000b7000000b4000000
    m_SmoothingGroup: 0
    m_Uv:
      m_UseWorldSpace: 0
      m_FlipU: 0
      m_FlipV: 0
      m_SwapUV: 0
      m_Fill: 1
      m_Scale: {x: 1, y: 1}
      m_Offset: {x: 0, y: 0}
      m_Rotation: 0
      m_Anchor: 9
    m_Material: {fileID: 2100000, guid: 31321ba15b8f8eb4c954353edc038b1d, type: 2}
    m_SubmeshIndex: 0
    m_ManualUV: 0
    elementGroup: 0
    m_TextureGroup: 3
  - m_Indexes: b9000000bb000000b8000000b9000000ba000000bb000000
    m_SmoothingGroup: 0
    m_Uv:
      m_UseWorldSpace: 0
      m_FlipU: 0
      m_FlipV: 0
      m_SwapUV: 0
      m_Fill: 1
      m_Scale: {x: 1, y: 1}
      m_Offset: {x: 0, y: 0}
      m_Rotation: 0
      m_Anchor: 9
    m_Material: {fileID: 2100000, guid: 31321ba15b8f8eb4c954353edc038b1d, type: 2}
    m_SubmeshIndex: 0
    m_ManualUV: 0
    elementGroup: 0
    m_TextureGroup: 3
  - m_Indexes: bc000000be000000bf000000bc000000bd000000be000000
    m_SmoothingGroup: 0
    m_Uv:
      m_UseWorldSpace: 0
      m_FlipU: 0
      m_FlipV: 0
      m_SwapUV: 0
      m_Fill: 1
      m_Scale: {x: 1, y: 1}
      m_Offset: {x: 0, y: 0}
      m_Rotation: 0
      m_Anchor: 9
    m_Material: {fileID: 2100000, guid: 31321ba15b8f8eb4c954353edc038b1d, type: 2}
    m_SubmeshIndex: 0
    m_ManualUV: 0
    elementGroup: 0
    m_TextureGroup: 3
  - m_Indexes: c2000000c0000000c1000000c2000000c3000000c0000000
    m_SmoothingGroup: 0
    m_Uv:
      m_UseWorldSpace: 0
      m_FlipU: 0
      m_FlipV: 0
      m_SwapUV: 0
      m_Fill: 1
      m_Scale: {x: 1, y: 1}
      m_Offset: {x: 0, y: 0}
      m_Rotation: 0
      m_Anchor: 9
    m_Material: {fileID: 2100000, guid: 31321ba15b8f8eb4c954353edc038b1d, type: 2}
    m_SubmeshIndex: 0
    m_ManualUV: 0
    elementGroup: 0
    m_TextureGroup: 4
  - m_Indexes: c6000000c4000000c5000000c6000000c7000000c4000000
    m_SmoothingGroup: 0
    m_Uv:
      m_UseWorldSpace: 0
      m_FlipU: 0
      m_FlipV: 0
      m_SwapUV: 0
      m_Fill: 1
      m_Scale: {x: 1, y: 1}
      m_Offset: {x: 0, y: 0}
      m_Rotation: 0
      m_Anchor: 9
    m_Material: {fileID: 2100000, guid: 31321ba15b8f8eb4c954353edc038b1d, type: 2}
    m_SubmeshIndex: 0
    m_ManualUV: 0
    elementGroup: 0
    m_TextureGroup: 4
  - m_Indexes: c9000000cb000000c8000000c9000000ca000000cb000000
    m_SmoothingGroup: 0
    m_Uv:
      m_UseWorldSpace: 0
      m_FlipU: 0
      m_FlipV: 0
      m_SwapUV: 0
      m_Fill: 1
      m_Scale: {x: 1, y: 1}
      m_Offset: {x: 0, y: 0}
      m_Rotation: 0
      m_Anchor: 9
    m_Material: {fileID: 2100000, guid: 31321ba15b8f8eb4c954353edc038b1d, type: 2}
    m_SubmeshIndex: 0
    m_ManualUV: 0
    elementGroup: 0
    m_TextureGroup: 4
  - m_Indexes: cc000000ce000000cf000000cc000000cd000000ce000000
    m_SmoothingGroup: 0
    m_Uv:
      m_UseWorldSpace: 0
      m_FlipU: 0
      m_FlipV: 0
      m_SwapUV: 0
      m_Fill: 1
      m_Scale: {x: 1, y: 1}
      m_Offset: {x: 0, y: 0}
      m_Rotation: 0
      m_Anchor: 9
    m_Material: {fileID: 2100000, guid: 31321ba15b8f8eb4c954353edc038b1d, type: 2}
    m_SubmeshIndex: 0
    m_ManualUV: 0
    elementGroup: 0
    m_TextureGroup: 4
  - m_Indexes: d2000000d0000000d1000000d2000000d3000000d0000000
    m_SmoothingGroup: 0
    m_Uv:
      m_UseWorldSpace: 0
      m_FlipU: 0
      m_FlipV: 0
      m_SwapUV: 0
      m_Fill: 1
      m_Scale: {x: 1, y: 1}
      m_Offset: {x: 0, y: 0}
      m_Rotation: 0
      m_Anchor: 9
    m_Material: {fileID: 2100000, guid: 31321ba15b8f8eb4c954353edc038b1d, type: 2}
    m_SubmeshIndex: 0
    m_ManualUV: 0
    elementGroup: 0
    m_TextureGroup: 4
  - m_Indexes: d6000000d4000000d5000000d6000000d7000000d4000000
    m_SmoothingGroup: 0
    m_Uv:
      m_UseWorldSpace: 0
      m_FlipU: 0
      m_FlipV: 0
      m_SwapUV: 0
      m_Fill: 1
      m_Scale: {x: 1, y: 1}
      m_Offset: {x: 0, y: 0}
      m_Rotation: 0
      m_Anchor: 9
    m_Material: {fileID: 2100000, guid: 31321ba15b8f8eb4c954353edc038b1d, type: 2}
    m_SubmeshIndex: 0
    m_ManualUV: 0
    elementGroup: 0
    m_TextureGroup: 4
  - m_Indexes: d9000000db000000d8000000d9000000da000000db000000
    m_SmoothingGroup: 0
    m_Uv:
      m_UseWorldSpace: 0
      m_FlipU: 0
      m_FlipV: 0
      m_SwapUV: 0
      m_Fill: 1
      m_Scale: {x: 1, y: 1}
      m_Offset: {x: 0, y: 0}
      m_Rotation: 0
      m_Anchor: 9
    m_Material: {fileID: 2100000, guid: 31321ba15b8f8eb4c954353edc038b1d, type: 2}
    m_SubmeshIndex: 0
    m_ManualUV: 0
    elementGroup: 0
    m_TextureGroup: 4
  - m_Indexes: dc000000de000000df000000dc000000dd000000de000000
    m_SmoothingGroup: 0
    m_Uv:
      m_UseWorldSpace: 0
      m_FlipU: 0
      m_FlipV: 0
      m_SwapUV: 0
      m_Fill: 1
      m_Scale: {x: 1, y: 1}
      m_Offset: {x: 0, y: 0}
      m_Rotation: 0
      m_Anchor: 9
    m_Material: {fileID: 2100000, guid: 31321ba15b8f8eb4c954353edc038b1d, type: 2}
    m_SubmeshIndex: 0
    m_ManualUV: 0
    elementGroup: 0
    m_TextureGroup: 4
  - m_Indexes: e2000000e0000000e1000000e2000000e3000000e0000000
    m_SmoothingGroup: 0
    m_Uv:
      m_UseWorldSpace: 0
      m_FlipU: 0
      m_FlipV: 0
      m_SwapUV: 0
      m_Fill: 1
      m_Scale: {x: 1, y: 1}
      m_Offset: {x: 0, y: 0}
      m_Rotation: 0
      m_Anchor: 9
    m_Material: {fileID: 2100000, guid: 31321ba15b8f8eb4c954353edc038b1d, type: 2}
    m_SubmeshIndex: 0
    m_ManualUV: 0
    elementGroup: 0
    m_TextureGroup: 4
  - m_Indexes: e6000000e4000000e5000000e6000000e7000000e4000000
    m_SmoothingGroup: 0
    m_Uv:
      m_UseWorldSpace: 0
      m_FlipU: 0
      m_FlipV: 0
      m_SwapUV: 0
      m_Fill: 1
      m_Scale: {x: 1, y: 1}
      m_Offset: {x: 0, y: 0}
      m_Rotation: 0
      m_Anchor: 9
    m_Material: {fileID: 2100000, guid: 31321ba15b8f8eb4c954353edc038b1d, type: 2}
    m_SubmeshIndex: 0
    m_ManualUV: 0
    elementGroup: 0
    m_TextureGroup: 4
  - m_Indexes: e9000000eb000000e8000000e9000000ea000000eb000000
    m_SmoothingGroup: 0
    m_Uv:
      m_UseWorldSpace: 0
      m_FlipU: 0
      m_FlipV: 0
      m_SwapUV: 0
      m_Fill: 1
      m_Scale: {x: 1, y: 1}
      m_Offset: {x: 0, y: 0}
      m_Rotation: 0
      m_Anchor: 9
    m_Material: {fileID: 2100000, guid: 31321ba15b8f8eb4c954353edc038b1d, type: 2}
    m_SubmeshIndex: 0
    m_ManualUV: 0
    elementGroup: 0
    m_TextureGroup: 4
  - m_Indexes: ec000000ee000000ef000000ec000000ed000000ee000000
    m_SmoothingGroup: 0
    m_Uv:
      m_UseWorldSpace: 0
      m_FlipU: 0
      m_FlipV: 0
      m_SwapUV: 0
      m_Fill: 1
      m_Scale: {x: 1, y: 1}
      m_Offset: {x: 0, y: 0}
      m_Rotation: 0
      m_Anchor: 9
    m_Material: {fileID: 2100000, guid: 31321ba15b8f8eb4c954353edc038b1d, type: 2}
    m_SubmeshIndex: 0
    m_ManualUV: 0
    elementGroup: 0
    m_TextureGroup: 4
  - m_Indexes: f2000000f0000000f1000000f2000000f3000000f0000000
    m_SmoothingGroup: 0
    m_Uv:
      m_UseWorldSpace: 0
      m_FlipU: 0
      m_FlipV: 0
      m_SwapUV: 0
      m_Fill: 1
      m_Scale: {x: 1, y: 1}
      m_Offset: {x: 0, y: 0}
      m_Rotation: 0
      m_Anchor: 9
    m_Material: {fileID: 2100000, guid: 31321ba15b8f8eb4c954353edc038b1d, type: 2}
    m_SubmeshIndex: 0
    m_ManualUV: 0
    elementGroup: 0
    m_TextureGroup: 4
  - m_Indexes: f6000000f4000000f5000000f6000000f7000000f4000000
    m_SmoothingGroup: 0
    m_Uv:
      m_UseWorldSpace: 0
      m_FlipU: 0
      m_FlipV: 0
      m_SwapUV: 0
      m_Fill: 1
      m_Scale: {x: 1, y: 1}
      m_Offset: {x: 0, y: 0}
      m_Rotation: 0
      m_Anchor: 9
    m_Material: {fileID: 2100000, guid: 31321ba15b8f8eb4c954353edc038b1d, type: 2}
    m_SubmeshIndex: 0
    m_ManualUV: 0
    elementGroup: 0
    m_TextureGroup: 4
  - m_Indexes: f9000000fb000000f8000000f9000000fa000000fb000000
    m_SmoothingGroup: 0
    m_Uv:
      m_UseWorldSpace: 0
      m_FlipU: 0
      m_FlipV: 0
      m_SwapUV: 0
      m_Fill: 1
      m_Scale: {x: 1, y: 1}
      m_Offset: {x: 0, y: 0}
      m_Rotation: 0
      m_Anchor: 9
    m_Material: {fileID: 2100000, guid: 31321ba15b8f8eb4c954353edc038b1d, type: 2}
    m_SubmeshIndex: 0
    m_ManualUV: 0
    elementGroup: 0
    m_TextureGroup: 4
  - m_Indexes: fc000000fe000000ff000000fc000000fd000000fe000000
    m_SmoothingGroup: 0
    m_Uv:
      m_UseWorldSpace: 0
      m_FlipU: 0
      m_FlipV: 0
      m_SwapUV: 0
      m_Fill: 1
      m_Scale: {x: 1, y: 1}
      m_Offset: {x: 0, y: 0}
      m_Rotation: 0
      m_Anchor: 9
    m_Material: {fileID: 2100000, guid: 31321ba15b8f8eb4c954353edc038b1d, type: 2}
    m_SubmeshIndex: 0
    m_ManualUV: 0
    elementGroup: 0
    m_TextureGroup: 4
  - m_Indexes: 000100000101000002010000030100000001000002010000
    m_SmoothingGroup: 0
    m_Uv:
      m_UseWorldSpace: 0
      m_FlipU: 0
      m_FlipV: 0
      m_SwapUV: 0
      m_Fill: 1
      m_Scale: {x: 1, y: 1}
      m_Offset: {x: 0, y: 0}
      m_Rotation: 0
      m_Anchor: 9
    m_Material: {fileID: 2100000, guid: 31321ba15b8f8eb4c954353edc038b1d, type: 2}
    m_SubmeshIndex: 0
    m_ManualUV: 0
    elementGroup: 0
    m_TextureGroup: 5
  - m_Indexes: 040100000501000006010000070100000401000006010000
    m_SmoothingGroup: 0
    m_Uv:
      m_UseWorldSpace: 0
      m_FlipU: 0
      m_FlipV: 0
      m_SwapUV: 0
      m_Fill: 1
      m_Scale: {x: 1, y: 1}
      m_Offset: {x: 0, y: 0}
      m_Rotation: 0
      m_Anchor: 9
    m_Material: {fileID: 2100000, guid: 31321ba15b8f8eb4c954353edc038b1d, type: 2}
    m_SubmeshIndex: 0
    m_ManualUV: 0
    elementGroup: 0
    m_TextureGroup: 5
  - m_Indexes: 0b01000008010000090100000a0100000b01000009010000
    m_SmoothingGroup: 0
    m_Uv:
      m_UseWorldSpace: 0
      m_FlipU: 0
      m_FlipV: 0
      m_SwapUV: 0
      m_Fill: 1
      m_Scale: {x: 1, y: 1}
      m_Offset: {x: 0, y: 0}
      m_Rotation: 0
      m_Anchor: 9
    m_Material: {fileID: 2100000, guid: 31321ba15b8f8eb4c954353edc038b1d, type: 2}
    m_SubmeshIndex: 0
    m_ManualUV: 0
    elementGroup: 0
    m_TextureGroup: 5
  - m_Indexes: 0e0100000f0100000c0100000d0100000e0100000c010000
    m_SmoothingGroup: 0
    m_Uv:
      m_UseWorldSpace: 0
      m_FlipU: 0
      m_FlipV: 0
      m_SwapUV: 0
      m_Fill: 1
      m_Scale: {x: 1, y: 1}
      m_Offset: {x: 0, y: 0}
      m_Rotation: 0
      m_Anchor: 9
    m_Material: {fileID: 2100000, guid: 31321ba15b8f8eb4c954353edc038b1d, type: 2}
    m_SubmeshIndex: 0
    m_ManualUV: 0
    elementGroup: 0
    m_TextureGroup: 5
  - m_Indexes: 100100001101000012010000130100001001000012010000
    m_SmoothingGroup: 0
    m_Uv:
      m_UseWorldSpace: 0
      m_FlipU: 0
      m_FlipV: 0
      m_SwapUV: 0
      m_Fill: 1
      m_Scale: {x: 1, y: 1}
      m_Offset: {x: 0, y: 0}
      m_Rotation: 0
      m_Anchor: 9
    m_Material: {fileID: 2100000, guid: 31321ba15b8f8eb4c954353edc038b1d, type: 2}
    m_SubmeshIndex: 0
    m_ManualUV: 0
    elementGroup: 0
    m_TextureGroup: 5
  - m_Indexes: 140100001501000016010000170100001401000016010000
    m_SmoothingGroup: 0
    m_Uv:
      m_UseWorldSpace: 0
      m_FlipU: 0
      m_FlipV: 0
      m_SwapUV: 0
      m_Fill: 1
      m_Scale: {x: 1, y: 1}
      m_Offset: {x: 0, y: 0}
      m_Rotation: 0
      m_Anchor: 9
    m_Material: {fileID: 2100000, guid: 31321ba15b8f8eb4c954353edc038b1d, type: 2}
    m_SubmeshIndex: 0
    m_ManualUV: 0
    elementGroup: 0
    m_TextureGroup: 5
  - m_Indexes: 1b01000018010000190100001a0100001b01000019010000
    m_SmoothingGroup: 0
    m_Uv:
      m_UseWorldSpace: 0
      m_FlipU: 0
      m_FlipV: 0
      m_SwapUV: 0
      m_Fill: 1
      m_Scale: {x: 1, y: 1}
      m_Offset: {x: 0, y: 0}
      m_Rotation: 0
      m_Anchor: 9
    m_Material: {fileID: 2100000, guid: 31321ba15b8f8eb4c954353edc038b1d, type: 2}
    m_SubmeshIndex: 0
    m_ManualUV: 0
    elementGroup: 0
    m_TextureGroup: 5
  - m_Indexes: 1e0100001f0100001c0100001d0100001e0100001c010000
    m_SmoothingGroup: 0
    m_Uv:
      m_UseWorldSpace: 0
      m_FlipU: 0
      m_FlipV: 0
      m_SwapUV: 0
      m_Fill: 1
      m_Scale: {x: 1, y: 1}
      m_Offset: {x: 0, y: 0}
      m_Rotation: 0
      m_Anchor: 9
    m_Material: {fileID: 2100000, guid: 31321ba15b8f8eb4c954353edc038b1d, type: 2}
    m_SubmeshIndex: 0
    m_ManualUV: 0
    elementGroup: 0
    m_TextureGroup: 5
  - m_Indexes: 200100002101000022010000230100002001000022010000
    m_SmoothingGroup: 0
    m_Uv:
      m_UseWorldSpace: 0
      m_FlipU: 0
      m_FlipV: 0
      m_SwapUV: 0
      m_Fill: 1
      m_Scale: {x: 1, y: 1}
      m_Offset: {x: 0, y: 0}
      m_Rotation: 0
      m_Anchor: 9
    m_Material: {fileID: 2100000, guid: 31321ba15b8f8eb4c954353edc038b1d, type: 2}
    m_SubmeshIndex: 0
    m_ManualUV: 0
    elementGroup: 0
    m_TextureGroup: 5
  - m_Indexes: 240100002501000026010000270100002401000026010000
    m_SmoothingGroup: 0
    m_Uv:
      m_UseWorldSpace: 0
      m_FlipU: 0
      m_FlipV: 0
      m_SwapUV: 0
      m_Fill: 1
      m_Scale: {x: 1, y: 1}
      m_Offset: {x: 0, y: 0}
      m_Rotation: 0
      m_Anchor: 9
    m_Material: {fileID: 2100000, guid: 31321ba15b8f8eb4c954353edc038b1d, type: 2}
    m_SubmeshIndex: 0
    m_ManualUV: 0
    elementGroup: 0
    m_TextureGroup: 5
  - m_Indexes: 2b01000028010000290100002a0100002b01000029010000
    m_SmoothingGroup: 0
    m_Uv:
      m_UseWorldSpace: 0
      m_FlipU: 0
      m_FlipV: 0
      m_SwapUV: 0
      m_Fill: 1
      m_Scale: {x: 1, y: 1}
      m_Offset: {x: 0, y: 0}
      m_Rotation: 0
      m_Anchor: 9
    m_Material: {fileID: 2100000, guid: 31321ba15b8f8eb4c954353edc038b1d, type: 2}
    m_SubmeshIndex: 0
    m_ManualUV: 0
    elementGroup: 0
    m_TextureGroup: 5
  - m_Indexes: 2e0100002f0100002c0100002d0100002e0100002c010000
    m_SmoothingGroup: 0
    m_Uv:
      m_UseWorldSpace: 0
      m_FlipU: 0
      m_FlipV: 0
      m_SwapUV: 0
      m_Fill: 1
      m_Scale: {x: 1, y: 1}
      m_Offset: {x: 0, y: 0}
      m_Rotation: 0
      m_Anchor: 9
    m_Material: {fileID: 2100000, guid: 31321ba15b8f8eb4c954353edc038b1d, type: 2}
    m_SubmeshIndex: 0
    m_ManualUV: 0
    elementGroup: 0
    m_TextureGroup: 5
  - m_Indexes: 300100003101000032010000330100003001000032010000
    m_SmoothingGroup: 0
    m_Uv:
      m_UseWorldSpace: 0
      m_FlipU: 0
      m_FlipV: 0
      m_SwapUV: 0
      m_Fill: 1
      m_Scale: {x: 1, y: 1}
      m_Offset: {x: 0, y: 0}
      m_Rotation: 0
      m_Anchor: 9
    m_Material: {fileID: 2100000, guid: 31321ba15b8f8eb4c954353edc038b1d, type: 2}
    m_SubmeshIndex: 0
    m_ManualUV: 0
    elementGroup: 0
    m_TextureGroup: 5
  - m_Indexes: 340100003501000036010000370100003401000036010000
    m_SmoothingGroup: 0
    m_Uv:
      m_UseWorldSpace: 0
      m_FlipU: 0
      m_FlipV: 0
      m_SwapUV: 0
      m_Fill: 1
      m_Scale: {x: 1, y: 1}
      m_Offset: {x: 0, y: 0}
      m_Rotation: 0
      m_Anchor: 9
    m_Material: {fileID: 2100000, guid: 31321ba15b8f8eb4c954353edc038b1d, type: 2}
    m_SubmeshIndex: 0
    m_ManualUV: 0
    elementGroup: 0
    m_TextureGroup: 5
  - m_Indexes: 3b01000038010000390100003a0100003b01000039010000
    m_SmoothingGroup: 0
    m_Uv:
      m_UseWorldSpace: 0
      m_FlipU: 0
      m_FlipV: 0
      m_SwapUV: 0
      m_Fill: 1
      m_Scale: {x: 1, y: 1}
      m_Offset: {x: 0, y: 0}
      m_Rotation: 0
      m_Anchor: 9
    m_Material: {fileID: 2100000, guid: 31321ba15b8f8eb4c954353edc038b1d, type: 2}
    m_SubmeshIndex: 0
    m_ManualUV: 0
    elementGroup: 0
    m_TextureGroup: 5
  - m_Indexes: 3e0100003f0100003c0100003d0100003e0100003c010000
    m_SmoothingGroup: 0
    m_Uv:
      m_UseWorldSpace: 0
      m_FlipU: 0
      m_FlipV: 0
      m_SwapUV: 0
      m_Fill: 1
      m_Scale: {x: 1, y: 1}
      m_Offset: {x: 0, y: 0}
      m_Rotation: 0
      m_Anchor: 9
    m_Material: {fileID: 2100000, guid: 31321ba15b8f8eb4c954353edc038b1d, type: 2}
    m_SubmeshIndex: 0
    m_ManualUV: 0
    elementGroup: 0
    m_TextureGroup: 5
  - m_Indexes: 420100004001000041010000420100004301000040010000
    m_SmoothingGroup: 0
    m_Uv:
      m_UseWorldSpace: 0
      m_FlipU: 0
      m_FlipV: 0
      m_SwapUV: 0
      m_Fill: 1
      m_Scale: {x: 1, y: 1}
      m_Offset: {x: 0, y: 0}
      m_Rotation: 0
      m_Anchor: 9
    m_Material: {fileID: 2100000, guid: 31321ba15b8f8eb4c954353edc038b1d, type: 2}
    m_SubmeshIndex: 0
    m_ManualUV: 0
    elementGroup: 0
    m_TextureGroup: 6
  - m_Indexes: 460100004401000045010000460100004701000044010000
    m_SmoothingGroup: 0
    m_Uv:
      m_UseWorldSpace: 0
      m_FlipU: 0
      m_FlipV: 0
      m_SwapUV: 0
      m_Fill: 1
      m_Scale: {x: 1, y: 1}
      m_Offset: {x: 0, y: 0}
      m_Rotation: 0
      m_Anchor: 9
    m_Material: {fileID: 2100000, guid: 31321ba15b8f8eb4c954353edc038b1d, type: 2}
    m_SubmeshIndex: 0
    m_ManualUV: 0
    elementGroup: 0
    m_TextureGroup: 6
  - m_Indexes: 490100004b01000048010000490100004a0100004b010000
    m_SmoothingGroup: 0
    m_Uv:
      m_UseWorldSpace: 0
      m_FlipU: 0
      m_FlipV: 0
      m_SwapUV: 0
      m_Fill: 1
      m_Scale: {x: 1, y: 1}
      m_Offset: {x: 0, y: 0}
      m_Rotation: 0
      m_Anchor: 9
    m_Material: {fileID: 2100000, guid: 31321ba15b8f8eb4c954353edc038b1d, type: 2}
    m_SubmeshIndex: 0
    m_ManualUV: 0
    elementGroup: 0
    m_TextureGroup: 6
  - m_Indexes: 4c0100004e0100004f0100004c0100004d0100004e010000
    m_SmoothingGroup: 0
    m_Uv:
      m_UseWorldSpace: 0
      m_FlipU: 0
      m_FlipV: 0
      m_SwapUV: 0
      m_Fill: 1
      m_Scale: {x: 1, y: 1}
      m_Offset: {x: 0, y: 0}
      m_Rotation: 0
      m_Anchor: 9
    m_Material: {fileID: 2100000, guid: 31321ba15b8f8eb4c954353edc038b1d, type: 2}
    m_SubmeshIndex: 0
    m_ManualUV: 0
    elementGroup: 0
    m_TextureGroup: 6
  - m_Indexes: 520100005001000051010000520100005301000050010000
    m_SmoothingGroup: 0
    m_Uv:
      m_UseWorldSpace: 0
      m_FlipU: 0
      m_FlipV: 0
      m_SwapUV: 0
      m_Fill: 1
      m_Scale: {x: 1, y: 1}
      m_Offset: {x: 0, y: 0}
      m_Rotation: 0
      m_Anchor: 9
    m_Material: {fileID: 2100000, guid: 31321ba15b8f8eb4c954353edc038b1d, type: 2}
    m_SubmeshIndex: 0
    m_ManualUV: 0
    elementGroup: 0
    m_TextureGroup: 6
  - m_Indexes: 560100005401000055010000560100005701000054010000
    m_SmoothingGroup: 0
    m_Uv:
      m_UseWorldSpace: 0
      m_FlipU: 0
      m_FlipV: 0
      m_SwapUV: 0
      m_Fill: 1
      m_Scale: {x: 1, y: 1}
      m_Offset: {x: 0, y: 0}
      m_Rotation: 0
      m_Anchor: 9
    m_Material: {fileID: 2100000, guid: 31321ba15b8f8eb4c954353edc038b1d, type: 2}
    m_SubmeshIndex: 0
    m_ManualUV: 0
    elementGroup: 0
    m_TextureGroup: 6
  - m_Indexes: 590100005b01000058010000590100005a0100005b010000
    m_SmoothingGroup: 0
    m_Uv:
      m_UseWorldSpace: 0
      m_FlipU: 0
      m_FlipV: 0
      m_SwapUV: 0
      m_Fill: 1
      m_Scale: {x: 1, y: 1}
      m_Offset: {x: 0, y: 0}
      m_Rotation: 0
      m_Anchor: 9
    m_Material: {fileID: 2100000, guid: 31321ba15b8f8eb4c954353edc038b1d, type: 2}
    m_SubmeshIndex: 0
    m_ManualUV: 0
    elementGroup: 0
    m_TextureGroup: 6
  - m_Indexes: 5c0100005e0100005f0100005c0100005d0100005e010000
    m_SmoothingGroup: 0
    m_Uv:
      m_UseWorldSpace: 0
      m_FlipU: 0
      m_FlipV: 0
      m_SwapUV: 0
      m_Fill: 1
      m_Scale: {x: 1, y: 1}
      m_Offset: {x: 0, y: 0}
      m_Rotation: 0
      m_Anchor: 9
    m_Material: {fileID: 2100000, guid: 31321ba15b8f8eb4c954353edc038b1d, type: 2}
    m_SubmeshIndex: 0
    m_ManualUV: 0
    elementGroup: 0
    m_TextureGroup: 6
  - m_Indexes: 620100006001000061010000620100006301000060010000
    m_SmoothingGroup: 0
    m_Uv:
      m_UseWorldSpace: 0
      m_FlipU: 0
      m_FlipV: 0
      m_SwapUV: 0
      m_Fill: 1
      m_Scale: {x: 1, y: 1}
      m_Offset: {x: 0, y: 0}
      m_Rotation: 0
      m_Anchor: 9
    m_Material: {fileID: 2100000, guid: 31321ba15b8f8eb4c954353edc038b1d, type: 2}
    m_SubmeshIndex: 0
    m_ManualUV: 0
    elementGroup: 0
    m_TextureGroup: 6
  - m_Indexes: 660100006401000065010000660100006701000064010000
    m_SmoothingGroup: 0
    m_Uv:
      m_UseWorldSpace: 0
      m_FlipU: 0
      m_FlipV: 0
      m_SwapUV: 0
      m_Fill: 1
      m_Scale: {x: 1, y: 1}
      m_Offset: {x: 0, y: 0}
      m_Rotation: 0
      m_Anchor: 9
    m_Material: {fileID: 2100000, guid: 31321ba15b8f8eb4c954353edc038b1d, type: 2}
    m_SubmeshIndex: 0
    m_ManualUV: 0
    elementGroup: 0
    m_TextureGroup: 6
  - m_Indexes: 690100006b01000068010000690100006a0100006b010000
    m_SmoothingGroup: 0
    m_Uv:
      m_UseWorldSpace: 0
      m_FlipU: 0
      m_FlipV: 0
      m_SwapUV: 0
      m_Fill: 1
      m_Scale: {x: 1, y: 1}
      m_Offset: {x: 0, y: 0}
      m_Rotation: 0
      m_Anchor: 9
    m_Material: {fileID: 2100000, guid: 31321ba15b8f8eb4c954353edc038b1d, type: 2}
    m_SubmeshIndex: 0
    m_ManualUV: 0
    elementGroup: 0
    m_TextureGroup: 6
  - m_Indexes: 6c0100006e0100006f0100006c0100006d0100006e010000
    m_SmoothingGroup: 0
    m_Uv:
      m_UseWorldSpace: 0
      m_FlipU: 0
      m_FlipV: 0
      m_SwapUV: 0
      m_Fill: 1
      m_Scale: {x: 1, y: 1}
      m_Offset: {x: 0, y: 0}
      m_Rotation: 0
      m_Anchor: 9
    m_Material: {fileID: 2100000, guid: 31321ba15b8f8eb4c954353edc038b1d, type: 2}
    m_SubmeshIndex: 0
    m_ManualUV: 0
    elementGroup: 0
    m_TextureGroup: 6
  - m_Indexes: 720100007001000071010000720100007301000070010000
    m_SmoothingGroup: 0
    m_Uv:
      m_UseWorldSpace: 0
      m_FlipU: 0
      m_FlipV: 0
      m_SwapUV: 0
      m_Fill: 1
      m_Scale: {x: 1, y: 1}
      m_Offset: {x: 0, y: 0}
      m_Rotation: 0
      m_Anchor: 9
    m_Material: {fileID: 2100000, guid: 31321ba15b8f8eb4c954353edc038b1d, type: 2}
    m_SubmeshIndex: 0
    m_ManualUV: 0
    elementGroup: 0
    m_TextureGroup: 6
  - m_Indexes: 760100007401000075010000760100007701000074010000
    m_SmoothingGroup: 0
    m_Uv:
      m_UseWorldSpace: 0
      m_FlipU: 0
      m_FlipV: 0
      m_SwapUV: 0
      m_Fill: 1
      m_Scale: {x: 1, y: 1}
      m_Offset: {x: 0, y: 0}
      m_Rotation: 0
      m_Anchor: 9
    m_Material: {fileID: 2100000, guid: 31321ba15b8f8eb4c954353edc038b1d, type: 2}
    m_SubmeshIndex: 0
    m_ManualUV: 0
    elementGroup: 0
    m_TextureGroup: 6
  - m_Indexes: 790100007b01000078010000790100007a0100007b010000
    m_SmoothingGroup: 0
    m_Uv:
      m_UseWorldSpace: 0
      m_FlipU: 0
      m_FlipV: 0
      m_SwapUV: 0
      m_Fill: 1
      m_Scale: {x: 1, y: 1}
      m_Offset: {x: 0, y: 0}
      m_Rotation: 0
      m_Anchor: 9
    m_Material: {fileID: 2100000, guid: 31321ba15b8f8eb4c954353edc038b1d, type: 2}
    m_SubmeshIndex: 0
    m_ManualUV: 0
    elementGroup: 0
    m_TextureGroup: 6
  - m_Indexes: 7c0100007e0100007f0100007c0100007d0100007e010000
    m_SmoothingGroup: 0
    m_Uv:
      m_UseWorldSpace: 0
      m_FlipU: 0
      m_FlipV: 0
      m_SwapUV: 0
      m_Fill: 1
      m_Scale: {x: 1, y: 1}
      m_Offset: {x: 0, y: 0}
      m_Rotation: 0
      m_Anchor: 9
    m_Material: {fileID: 2100000, guid: 31321ba15b8f8eb4c954353edc038b1d, type: 2}
    m_SubmeshIndex: 0
    m_ManualUV: 0
    elementGroup: 0
    m_TextureGroup: 6
  m_SharedVertices:
  - m_Vertices: 00000000d000000079010000
  - m_Vertices: 01000000040000007601000078010000
  - m_Vertices: 02000000070000000b0000000f000000
  - m_Vertices: 030000000e000000d1000000d4000000
  - m_Vertices: 05000000100000006901000075010000
  - m_Vertices: 0600000008000000130000001e000000
  - m_Vertices: 090000001d0000002000000035000000
  - m_Vertices: 0a0000000c0000003100000034000000
  - m_Vertices: 0d00000030000000d5000000e0000000
  - m_Vertices: 11000000140000006601000068010000
  - m_Vertices: 12000000170000001b0000001f000000
  - m_Vertices: 150000004000000065010000
  - m_Vertices: 1600000018000000430000004e000000
  - m_Vertices: 19000000250000004d00000070000000
  - m_Vertices: 1a0000001c0000002100000024000000
  - m_Vertices: 22000000270000002b0000002f000000
  - m_Vertices: 230000002e0000003600000038000000
  - m_Vertices: 2600000028000000730000007e000000
  - m_Vertices: 290000007d0000001d010000
  - m_Vertices: 2a0000002c0000001a0100001c010000
  - m_Vertices: 2d000000390000000d01000019010000
  - m_Vertices: 32000000370000003b0000003f000000
  - m_Vertices: 330000003e000000e1000000e4000000
  - m_Vertices: 3a0000003c0000000a0100000c010000
  - m_Vertices: 3d000000e500000009010000
  - m_Vertices: 41000000440000006101000064010000
  - m_Vertices: 42000000470000004b0000004f000000
  - m_Vertices: 45000000500000005501000060010000
  - m_Vertices: 4600000048000000530000005e000000
  - m_Vertices: 490000005d0000006000000075000000
  - m_Vertices: 4a0000004c0000007100000074000000
  - m_Vertices: 51000000540000005101000054010000
  - m_Vertices: 52000000570000005b0000005f000000
  - m_Vertices: 550000008d00000050010000
  - m_Vertices: 56000000580000008a0000008c000000
  - m_Vertices: 590000006500000089000000bd000000
  - m_Vertices: 5a0000005c0000006100000064000000
  - m_Vertices: 62000000670000006b0000006f000000
  - m_Vertices: 630000006e0000007600000078000000
  - m_Vertices: 6600000068000000ba000000bc000000
  - m_Vertices: 69000000b900000020010000
  - m_Vertices: 6a0000006c000000230100002e010000
  - m_Vertices: 6d00000079000000100100002d010000
  - m_Vertices: 72000000770000007b0000007f000000
  - m_Vertices: 7a0000007c000000130100001e010000
  - m_Vertices: 800000009d000000400100005d010000
  - m_Vertices: 81000000840000009a0000009c000000
  - m_Vertices: 82000000870000008b0000008f000000
  - m_Vertices: 830000008e000000530100005e010000
  - m_Vertices: 8500000099000000ad000000b0000000
  - m_Vertices: 8600000088000000b3000000be000000
  - m_Vertices: 90000000cd0000004d010000
  - m_Vertices: 9100000094000000ca000000cc000000
  - m_Vertices: 92000000970000009b0000009f000000
  - m_Vertices: 930000009e000000430100004e010000
  - m_Vertices: 95000000a0000000c9000000fd000000
  - m_Vertices: 9600000098000000a3000000ae000000
  - m_Vertices: a1000000a4000000fa000000fc000000
  - m_Vertices: a2000000a7000000ab000000af000000
  - m_Vertices: a5000000f900000035010000
  - m_Vertices: a6000000a80000003101000034010000
  - m_Vertices: a9000000b50000002501000030010000
  - m_Vertices: aa000000ac000000b1000000b4000000
  - m_Vertices: b2000000b7000000bb000000bf000000
  - m_Vertices: b6000000b80000002101000024010000
  - m_Vertices: c0000000dd000000490100007d010000
  - m_Vertices: c1000000c4000000da000000dc000000
  - m_Vertices: c2000000c7000000cb000000cf000000
  - m_Vertices: c3000000ce0000004a0100004c010000
  - m_Vertices: c5000000d9000000ed000000f0000000
  - m_Vertices: c6000000c8000000f3000000fe000000
  - m_Vertices: d2000000d7000000db000000df000000
  - m_Vertices: d3000000de0000007a0100007c010000
  - m_Vertices: d6000000d8000000e3000000ee000000
  - m_Vertices: e2000000e7000000eb000000ef000000
  - m_Vertices: e6000000e80000000601000008010000
  - m_Vertices: e9000000f50000000501000039010000
  - m_Vertices: ea000000ec000000f1000000f4000000
  - m_Vertices: f2000000f7000000fb000000ff000000
  - m_Vertices: f6000000f80000003601000038010000
  - m_Vertices: 0001000015010000290100003d010000
  - m_Vertices: 01010000040100003a0100003c010000
  - m_Vertices: 02010000070100000b0100000f010000
  - m_Vertices: 030100000e0100001601000018010000
  - m_Vertices: 11010000140100002a0100002c010000
  - m_Vertices: 12010000170100001b0100001f010000
  - m_Vertices: 22010000270100002b0100002f010000
  - m_Vertices: 2601000028010000330100003e010000
  - m_Vertices: 32010000370100003b0100003f010000
  - m_Vertices: 41010000440100005a0100005c010000
  - m_Vertices: 42010000470100004b0100004f010000
  - m_Vertices: 45010000590100006d01000070010000
  - m_Vertices: 4601000048010000730100007e010000
  - m_Vertices: 52010000570100005b0100005f010000
  - m_Vertices: 5601000058010000630100006e010000
  - m_Vertices: 62010000670100006b0100006f010000
  - m_Vertices: 6a0100006c0100007101000074010000
  - m_Vertices: 72010000770100007b0100007f010000
  m_SharedTextures: []
  m_Positions:
  - {x: 0, y: 0, z: 0}
  - {x: 0.25, y: 0, z: 0}
  - {x: 0.25, y: 0.25, z: 0.5119705}
  - {x: 0, y: 0.25, z: 0}
  - {x: 0.25, y: 0, z: 0}
  - {x: 0.5, y: 0, z: 0}
  - {x: 0.5000005, y: 0.25, z: 0.5119705}
  - {x: 0.25, y: 0.25, z: 0.5119705}
  - {x: 0.5000005, y: 0.25, z: 0.5119705}
  - {x: 0.5000005, y: 0.38897896, z: 1.0624924}
  - {x: 0.25, y: 0.38897896, z: 1.0624924}
  - {x: 0.25, y: 0.25, z: 0.5119705}
  - {x: 0.25, y: 0.38897896, z: 1.0624924}
  - {x: -0.6070256, y: 0.5, z: 0}
  - {x: 0, y: 0.25, z: 0}
  - {x: 0.25, y: 0.25, z: 0.5119705}
  - {x: 0.5, y: 0, z: 0}
  - {x: 0.75, y: 0, z: 0}
  - {x: 0.7500005, y: 0.25, z: 0.5119705}
  - {x: 0.5000005, y: 0.25, z: 0.5119705}
  - {x: 0.75, y: 0, z: 0}
  - {x: 1, y: 0, z: 0}
  - {x: 1, y: 0.25, z: 0}
  - {x: 0.7500005, y: 0.25, z: 0.5119705}
  - {x: 1, y: 0.25, z: 0}
  - {x: 1.6147904, y: 0.5, z: 0}
  - {x: 0.7500005, y: 0.38897896, z: 1.0624924}
  - {x: 0.7500005, y: 0.25, z: 0.5119705}
  - {x: 0.7500005, y: 0.38897896, z: 1.0624924}
  - {x: 0.5000005, y: 0.38897896, z: 1.0624924}
  - {x: 0.5000005, y: 0.25, z: 0.5119705}
  - {x: 0.7500005, y: 0.25, z: 0.5119705}
  - {x: 0.5000005, y: 0.38897896, z: 1.0624924}
  - {x: 0.7500005, y: 0.38897896, z: 1.0624924}
  - {x: 0.7500005, y: 0.75, z: 0.5119705}
  - {x: 0.5000005, y: 0.75, z: 0.5119705}
  - {x: 0.7500005, y: 0.38897896, z: 1.0624924}
  - {x: 1.6147904, y: 0.5, z: 0}
  - {x: 2.2643857, y: 0.29890823, z: 0}
  - {x: 0.7500005, y: 0.75, z: 0.5119705}
  - {x: 2.2643857, y: 0.29890823, z: 0}
  - {x: 1.6147904, y: 1, z: 0}
  - {x: 0.75, y: 1, z: 0}
  - {x: 0.7500005, y: 0.75, z: 0.5119705}
  - {x: 0.75, y: 1, z: 0}
  - {x: 0.5, y: 1, z: 0}
  - {x: 0.5000005, y: 0.75, z: 0.5119705}
  - {x: 0.7500005, y: 0.75, z: 0.5119705}
  - {x: -0.6070256, y: 0.5, z: 0}
  - {x: 0.25, y: 0.38897896, z: 1.0624924}
  - {x: 0.25, y: 0.75, z: 0.5119705}
  - {x: -1.1291142, y: 0.35359192, z: 0}
  - {x: 0.25, y: 0.38897896, z: 1.0624924}
  - {x: 0.5000005, y: 0.38897896, z: 1.0624924}
  - {x: 0.5000005, y: 0.75, z: 0.5119705}
  - {x: 0.25, y: 0.75, z: 0.5119705}
  - {x: 0.5000005, y: 0.75, z: 0.5119705}
  - {x: 0.5, y: 1, z: 0}
  - {x: 0.25, y: 1, z: 0}
  - {x: 0.25, y: 0.75, z: 0.5119705}
  - {x: 0.25, y: 1, z: 0}
  - {x: -0.6070256, y: 1, z: 0}
  - {x: -1.1291142, y: 0.35359192, z: 0}
  - {x: 0.25, y: 0.75, z: 0.5119705}
  - {x: 1, y: 0, z: 0}
  - {x: 1, y: 0, z: -0.25}
  - {x: 1, y: 0.25, z: -0.25}
  - {x: 1, y: 0.25, z: 0}
  - {x: 1, y: 0, z: -0.25}
  - {x: 1, y: 0, z: -0.5}
  - {x: 1, y: 0.25, z: -0.5}
  - {x: 1, y: 0.25, z: -0.25}
  - {x: 1, y: 0.25, z: -0.5}
  - {x: 1.6147904, y: 0.5, z: -0.5}
  - {x: 1.6147904, y: 0.5, z: -0.25}
  - {x: 1, y: 0.25, z: -0.25}
  - {x: 1.6147904, y: 0.5, z: -0.25}
  - {x: 1.6147904, y: 0.5, z: 0}
  - {x: 1, y: 0.25, z: 0}
  - {x: 1, y: 0.25, z: -0.25}
  - {x: 1, y: 0, z: -0.5}
  - {x: 1, y: 0, z: -0.75}
  - {x: 1, y: 0.25, z: -0.75}
  - {x: 1, y: 0.25, z: -0.5}
  - {x: 1, y: 0, z: -0.75}
  - {x: 1, y: 0, z: -1}
  - {x: 1, y: 0.25, z: -1}
  - {x: 1, y: 0.25, z: -0.75}
  - {x: 1, y: 0.25, z: -1}
  - {x: 1.6147904, y: 0.5, z: -1}
  - {x: 1.6147904, y: 0.5, z: -0.75}
  - {x: 1, y: 0.25, z: -0.75}
  - {x: 1.6147904, y: 0.5, z: -0.75}
  - {x: 1.6147904, y: 0.5, z: -0.5}
  - {x: 1, y: 0.25, z: -0.5}
  - {x: 1, y: 0.25, z: -0.75}
  - {x: 1.6147904, y: 0.5, z: -0.5}
  - {x: 1.6147904, y: 0.5, z: -0.75}
  - {x: 2.2643857, y: 0.29890823, z: -0.75}
  - {x: 2.2643857, y: 0.29890823, z: -0.5}
  - {x: 1.6147904, y: 0.5, z: -0.75}
  - {x: 1.6147904, y: 0.5, z: -1}
  - {x: 2.2643857, y: 0.29890823, z: -1}
  - {x: 2.2643857, y: 0.29890823, z: -0.75}
  - {x: 2.2643857, y: 0.29890823, z: -1}
  - {x: 1.6147904, y: 1, z: -1}
  - {x: 1.6147904, y: 1, z: -0.75}
  - {x: 2.2643857, y: 0.29890823, z: -0.75}
  - {x: 1.6147904, y: 1, z: -0.75}
  - {x: 1.6147904, y: 1, z: -0.5}
  - {x: 2.2643857, y: 0.29890823, z: -0.5}
  - {x: 2.2643857, y: 0.29890823, z: -0.75}
  - {x: 1.6147904, y: 0.5, z: 0}
  - {x: 1.6147904, y: 0.5, z: -0.25}
  - {x: 2.2643857, y: 0.29890823, z: -0.25}
  - {x: 2.2643857, y: 0.29890823, z: 0}
  - {x: 1.6147904, y: 0.5, z: -0.25}
  - {x: 1.6147904, y: 0.5, z: -0.5}
  - {x: 2.2643857, y: 0.29890823, z: -0.5}
  - {x: 2.2643857, y: 0.29890823, z: -0.25}
  - {x: 2.2643857, y: 0.29890823, z: -0.5}
  - {x: 1.6147904, y: 1, z: -0.5}
  - {x: 1.6147904, y: 1, z: -0.25}
  - {x: 2.2643857, y: 0.29890823, z: -0.25}
  - {x: 1.6147904, y: 1, z: -0.25}
  - {x: 1.6147904, y: 1, z: 0}
  - {x: 2.2643857, y: 0.29890823, z: 0}
  - {x: 2.2643857, y: 0.29890823, z: -0.25}
  - {x: 0.5, y: 0, z: -1}
  - {x: 0.5, y: 0.25, z: -1}
  - {x: 0.75, y: 0.25, z: -1}
  - {x: 0.75, y: 0, z: -1}
  - {x: 0.5, y: 0.25, z: -1}
  - {x: 0.5000005, y: 0.5, z: -1.299675}
  - {x: 0.7500005, y: 0.5, z: -1.299675}
  - {x: 0.75, y: 0.25, z: -1}
  - {x: 0.7500005, y: 0.5, z: -1.299675}
  - {x: 1.6147904, y: 0.5, z: -1}
  - {x: 1, y: 0.25, z: -1}
  - {x: 0.75, y: 0.25, z: -1}
  - {x: 1, y: 0.25, z: -1}
  - {x: 1, y: 0, z: -1}
  - {x: 0.75, y: 0, z: -1}
  - {x: 0.75, y: 0.25, z: -1}
  - {x: 0, y: 0, z: -1}
  - {x: 0, y: 0.25, z: -1}
  - {x: 0.25, y: 0.25, z: -1}
  - {x: 0.25, y: 0, z: -1}
  - {x: 0, y: 0.25, z: -1}
  - {x: -0.6070256, y: 0.5, z: -1}
  - {x: 0.25, y: 0.5, z: -1.299675}
  - {x: 0.25, y: 0.25, z: -1}
  - {x: 0.25, y: 0.5, z: -1.299675}
  - {x: 0.5000005, y: 0.5, z: -1.299675}
  - {x: 0.5, y: 0.25, z: -1}
  - {x: 0.25, y: 0.25, z: -1}
  - {x: 0.5, y: 0.25, z: -1}
  - {x: 0.5, y: 0, z: -1}
  - {x: 0.25, y: 0, z: -1}
  - {x: 0.25, y: 0.25, z: -1}
  - {x: -0.6070256, y: 0.5, z: -1}
  - {x: -1.1291142, y: 0.35359192, z: -1}
  - {x: 0.25, y: 0.75, z: -1}
  - {x: 0.25, y: 0.5, z: -1.299675}
  - {x: -1.1291142, y: 0.35359192, z: -1}
  - {x: -0.6070256, y: 1, z: -1}
  - {x: 0.25, y: 1, z: -1}
  - {x: 0.25, y: 0.75, z: -1}
  - {x: 0.25, y: 1, z: -1}
  - {x: 0.5, y: 1, z: -1}
  - {x: 0.5, y: 0.75, z: -1}
  - {x: 0.25, y: 0.75, z: -1}
  - {x: 0.5, y: 0.75, z: -1}
  - {x: 0.5000005, y: 0.5, z: -1.299675}
  - {x: 0.25, y: 0.5, z: -1.299675}
  - {x: 0.25, y: 0.75, z: -1}
  - {x: 0.5000005, y: 0.5, z: -1.299675}
  - {x: 0.5, y: 0.75, z: -1}
  - {x: 0.75, y: 0.75, z: -1}
  - {x: 0.7500005, y: 0.5, z: -1.299675}
  - {x: 0.5, y: 0.75, z: -1}
  - {x: 0.5, y: 1, z: -1}
  - {x: 0.75, y: 1, z: -1}
  - {x: 0.75, y: 0.75, z: -1}
  - {x: 0.75, y: 1, z: -1}
  - {x: 1.6147904, y: 1, z: -1}
  - {x: 2.2643857, y: 0.29890823, z: -1}
  - {x: 0.75, y: 0.75, z: -1}
  - {x: 2.2643857, y: 0.29890823, z: -1}
  - {x: 1.6147904, y: 0.5, z: -1}
  - {x: 0.7500005, y: 0.5, z: -1.299675}
  - {x: 0.75, y: 0.75, z: -1}
  - {x: 0, y: 0, z: -0.5}
  - {x: 0, y: 0.25, z: -0.5}
  - {x: 0, y: 0.25, z: -0.75}
  - {x: 0, y: 0, z: -0.75}
  - {x: 0, y: 0.25, z: -0.5}
  - {x: -0.6070256, y: 0.5, z: -0.5}
  - {x: -0.6070256, y: 0.5, z: -0.75}
  - {x: 0, y: 0.25, z: -0.75}
  - {x: -0.6070256, y: 0.5, z: -0.75}
  - {x: -0.6070256, y: 0.5, z: -1}
  - {x: 0, y: 0.25, z: -1}
  - {x: 0, y: 0.25, z: -0.75}
  - {x: 0, y: 0.25, z: -1}
  - {x: 0, y: 0, z: -1}
  - {x: 0, y: 0, z: -0.75}
  - {x: 0, y: 0.25, z: -0.75}
  - {x: 0, y: 0, z: 0}
  - {x: 0, y: 0.25, z: 0}
  - {x: 0, y: 0.25, z: -0.25}
  - {x: 0, y: 0, z: -0.25}
  - {x: 0, y: 0.25, z: 0}
  - {x: -0.6070256, y: 0.5, z: 0}
  - {x: -0.6070256, y: 0.5, z: -0.25}
  - {x: 0, y: 0.25, z: -0.25}
  - {x: -0.6070256, y: 0.5, z: -0.25}
  - {x: -0.6070256, y: 0.5, z: -0.5}
  - {x: 0, y: 0.25, z: -0.5}
  - {x: 0, y: 0.25, z: -0.25}
  - {x: 0, y: 0.25, z: -0.5}
  - {x: 0, y: 0, z: -0.5}
  - {x: 0, y: 0, z: -0.25}
  - {x: 0, y: 0.25, z: -0.25}
  - {x: -0.6070256, y: 0.5, z: 0}
  - {x: -1.1291142, y: 0.35359192, z: 0}
  - {x: -1.1291142, y: 0.35359192, z: -0.25}
  - {x: -0.6070256, y: 0.5, z: -0.25}
  - {x: -1.1291142, y: 0.35359192, z: 0}
  - {x: -0.6070256, y: 1, z: 0}
  - {x: -0.6070256, y: 1, z: -0.25}
  - {x: -1.1291142, y: 0.35359192, z: -0.25}
  - {x: -0.6070256, y: 1, z: -0.25}
  - {x: -0.6070256, y: 1, z: -0.5}
  - {x: -1.1291142, y: 0.35359192, z: -0.5}
  - {x: -1.1291142, y: 0.35359192, z: -0.25}
  - {x: -1.1291142, y: 0.35359192, z: -0.5}
  - {x: -0.6070256, y: 0.5, z: -0.5}
  - {x: -0.6070256, y: 0.5, z: -0.25}
  - {x: -1.1291142, y: 0.35359192, z: -0.25}
  - {x: -0.6070256, y: 0.5, z: -0.5}
  - {x: -1.1291142, y: 0.35359192, z: -0.5}
  - {x: -1.1291142, y: 0.35359192, z: -0.75}
  - {x: -0.6070256, y: 0.5, z: -0.75}
  - {x: -1.1291142, y: 0.35359192, z: -0.5}
  - {x: -0.6070256, y: 1, z: -0.5}
  - {x: -0.6070256, y: 1, z: -0.75}
  - {x: -1.1291142, y: 0.35359192, z: -0.75}
  - {x: -0.6070256, y: 1, z: -0.75}
  - {x: -0.6070256, y: 1, z: -1}
  - {x: -1.1291142, y: 0.35359192, z: -1}
  - {x: -1.1291142, y: 0.35359192, z: -0.75}
  - {x: -1.1291142, y: 0.35359192, z: -1}
  - {x: -0.6070256, y: 0.5, z: -1}
  - {x: -0.6070256, y: 0.5, z: -0.75}
  - {x: -1.1291142, y: 0.35359192, z: -0.75}
  - {x: 0.5, y: 1, z: -0.5}
  - {x: 0.25, y: 1, z: -0.5}
  - {x: 0.25, y: 1, z: -0.25}
  - {x: 0.5, y: 1, z: -0.25}
  - {x: 0.25, y: 1, z: -0.5}
  - {x: -0.6070256, y: 1, z: -0.5}
  - {x: -0.6070256, y: 1, z: -0.25}
  - {x: 0.25, y: 1, z: -0.25}
  - {x: -0.6070256, y: 1, z: -0.25}
  - {x: -0.6070256, y: 1, z: 0}
  - {x: 0.25, y: 1, z: 0}
  - {x: 0.25, y: 1, z: -0.25}
  - {x: 0.25, y: 1, z: 0}
  - {x: 0.5, y: 1, z: 0}
  - {x: 0.5, y: 1, z: -0.25}
  - {x: 0.25, y: 1, z: -0.25}
  - {x: 1.6147904, y: 1, z: -0.5}
  - {x: 0.75, y: 1, z: -0.5}
  - {x: 0.75, y: 1, z: -0.25}
  - {x: 1.6147904, y: 1, z: -0.25}
  - {x: 0.75, y: 1, z: -0.5}
  - {x: 0.5, y: 1, z: -0.5}
  - {x: 0.5, y: 1, z: -0.25}
  - {x: 0.75, y: 1, z: -0.25}
  - {x: 0.5, y: 1, z: -0.25}
  - {x: 0.5, y: 1, z: 0}
  - {x: 0.75, y: 1, z: 0}
  - {x: 0.75, y: 1, z: -0.25}
  - {x: 0.75, y: 1, z: 0}
  - {x: 1.6147904, y: 1, z: 0}
  - {x: 1.6147904, y: 1, z: -0.25}
  - {x: 0.75, y: 1, z: -0.25}
  - {x: 1.6147904, y: 1, z: -1}
  - {x: 0.75, y: 1, z: -1}
  - {x: 0.75, y: 1, z: -0.75}
  - {x: 1.6147904, y: 1, z: -0.75}
  - {x: 0.75, y: 1, z: -1}
  - {x: 0.5, y: 1, z: -1}
  - {x: 0.5, y: 1, z: -0.75}
  - {x: 0.75, y: 1, z: -0.75}
  - {x: 0.5, y: 1, z: -0.75}
  - {x: 0.5, y: 1, z: -0.5}
  - {x: 0.75, y: 1, z: -0.5}
  - {x: 0.75, y: 1, z: -0.75}
  - {x: 0.75, y: 1, z: -0.5}
  - {x: 1.6147904, y: 1, z: -0.5}
  - {x: 1.6147904, y: 1, z: -0.75}
  - {x: 0.75, y: 1, z: -0.75}
  - {x: 0.5, y: 1, z: -1}
  - {x: 0.25, y: 1, z: -1}
  - {x: 0.25, y: 1, z: -0.75}
  - {x: 0.5, y: 1, z: -0.75}
  - {x: 0.25, y: 1, z: -1}
  - {x: -0.6070256, y: 1, z: -1}
  - {x: -0.6070256, y: 1, z: -0.75}
  - {x: 0.25, y: 1, z: -0.75}
  - {x: -0.6070256, y: 1, z: -0.75}
  - {x: -0.6070256, y: 1, z: -0.5}
  - {x: 0.25, y: 1, z: -0.5}
  - {x: 0.25, y: 1, z: -0.75}
  - {x: 0.25, y: 1, z: -0.5}
  - {x: 0.5, y: 1, z: -0.5}
  - {x: 0.5, y: 1, z: -0.75}
  - {x: 0.25, y: 1, z: -0.75}
  - {x: 0.5, y: 0, z: -1}
  - {x: 0.5000005, y: 0.16839027, z: -0.75}
  - {x: 0.25, y: 0.16839027, z: -0.75}
  - {x: 0.25, y: 0, z: -1}
  - {x: 0.5000005, y: 0.16839027, z: -0.75}
  - {x: 0.5000005, y: 0.16839027, z: -0.5}
  - {x: 0.25, y: 0.16839027, z: -0.5}
  - {x: 0.25, y: 0.16839027, z: -0.75}
  - {x: 0.25, y: 0.16839027, z: -0.5}
  - {x: 0, y: 0, z: -0.5}
  - {x: 0, y: 0, z: -0.75}
  - {x: 0.25, y: 0.16839027, z: -0.75}
  - {x: 0, y: 0, z: -0.75}
  - {x: 0, y: 0, z: -1}
  - {x: 0.25, y: 0, z: -1}
  - {x: 0.25, y: 0.16839027, z: -0.75}
  - {x: 1, y: 0, z: -1}
  - {x: 1, y: 0, z: -0.75}
  - {x: 0.7500005, y: 0.16839027, z: -0.75}
  - {x: 0.75, y: 0, z: -1}
  - {x: 1, y: 0, z: -0.75}
  - {x: 1, y: 0, z: -0.5}
  - {x: 0.7500005, y: 0.16839027, z: -0.5}
  - {x: 0.7500005, y: 0.16839027, z: -0.75}
  - {x: 0.7500005, y: 0.16839027, z: -0.5}
  - {x: 0.5000005, y: 0.16839027, z: -0.5}
  - {x: 0.5000005, y: 0.16839027, z: -0.75}
  - {x: 0.7500005, y: 0.16839027, z: -0.75}
  - {x: 0.5000005, y: 0.16839027, z: -0.75}
  - {x: 0.5, y: 0, z: -1}
  - {x: 0.75, y: 0, z: -1}
  - {x: 0.7500005, y: 0.16839027, z: -0.75}
  - {x: 1, y: 0, z: -0.5}
  - {x: 1, y: 0, z: -0.25}
  - {x: 0.7500005, y: 0.16839027, z: -0.25}
  - {x: 0.7500005, y: 0.16839027, z: -0.5}
  - {x: 1, y: 0, z: -0.25}
  - {x: 1, y: 0, z: 0}
  - {x: 0.75, y: 0, z: 0}
  - {x: 0.7500005, y: 0.16839027, z: -0.25}
  - {x: 0.75, y: 0, z: 0}
  - {x: 0.5, y: 0, z: 0}
  - {x: 0.5000005, y: 0.16839027, z: -0.25}
  - {x: 0.7500005, y: 0.16839027, z: -0.25}
  - {x: 0.5000005, y: 0.16839027, z: -0.25}
  - {x: 0.5000005, y: 0.16839027, z: -0.5}
  - {x: 0.7500005, y: 0.16839027, z: -0.5}
  - {x: 0.7500005, y: 0.16839027, z: -0.25}
  - {x: 0.5000005, y: 0.16839027, z: -0.5}
  - {x: 0.5000005, y: 0.16839027, z: -0.25}
  - {x: 0.25, y: 0.16839027, z: -0.25}
  - {x: 0.25, y: 0.16839027, z: -0.5}
  - {x: 0.5000005, y: 0.16839027, z: -0.25}
  - {x: 0.5, y: 0, z: 0}
  - {x: 0.25, y: 0, z: 0}
  - {x: 0.25, y: 0.16839027, z: -0.25}
  - {x: 0.25, y: 0, z: 0}
  - {x: 0, y: 0, z: 0}
  - {x: 0, y: 0, z: -0.25}
  - {x: 0.25, y: 0.16839027, z: -0.25}
  - {x: 0, y: 0, z: -0.25}
  - {x: 0, y: 0, z: -0.5}
  - {x: 0.25, y: 0.16839027, z: -0.5}
  - {x: 0.25, y: 0.16839027, z: -0.25}
  m_Textures0:
  - {x: 0, y: 0}
  - {x: -0.24795033, y: -0.008914428}
  - {x: -0.31337497, y: 0.37284184}
  - {x: 0, y: 0.24007031}
  - {x: -0.24795033, y: -0.008914428}
  - {x: -0.49590066, y: -0.017828856}
  - {x: -0.5613258, y: 0.3639274}
  - {x: -0.31337497, y: 0.37284184}
  - {x: -0.5613258, y: 0.3639274}
  - {x: -0.63167685, y: 0.6497412}
  - {x: -0.38372606, y: 0.6586556}
  - {x: -0.31337497, y: 0.37284184}
  - {x: -0.38372606, y: 0.6586556}
  - {x: 0.6020488, y: 0.50178576}
  - {x: 0, y: 0.24007031}
  - {x: -0.31337497, y: 0.37284184}
  - {x: -0.49590066, y: -0.017828856}
  - {x: -0.743851, y: -0.026743283}
  - {x: -0.8092761, y: 0.35501295}
  - {x: -0.5613258, y: 0.3639274}
  - {x: -0.743851, y: -0.026743283}
  - {x: -0.9918013, y: -0.03565771}
  - {x: -0.9918013, y: 0.20441261}
  - {x: -0.8092761, y: 0.35501295}
  - {x: -0.9918013, y: 0.20441261}
  - {x: -1.6015513, y: 0.4225609}
  - {x: -0.87962717, y: 0.64082676}
  - {x: -0.8092761, y: 0.35501295}
  - {x: -0.87962717, y: 0.64082676}
  - {x: -0.63167685, y: 0.6497412}
  - {x: -0.5613258, y: 0.3639274}
  - {x: -0.8092761, y: 0.35501295}
  - {x: -0.63167685, y: 0.6497412}
  - {x: -0.87962717, y: 0.64082676}
  - {x: -0.8092761, y: 0.8351536}
  - {x: -0.5613258, y: 0.844068}
  - {x: -0.87962717, y: 0.64082676}
  - {x: -1.6015513, y: 0.4225609}
  - {x: -2.2458208, y: 0.20629317}
  - {x: -0.8092761, y: 0.8351536}
  - {x: -2.2458208, y: 0.20629317}
  - {x: -1.6015513, y: 0.9027015}
  - {x: -0.743851, y: 0.93353796}
  - {x: -0.8092761, y: 0.8351536}
  - {x: -0.743851, y: 0.93353796}
  - {x: -0.49590066, y: 0.9424524}
  - {x: -0.5613258, y: 0.844068}
  - {x: -0.8092761, y: 0.8351536}
  - {x: 0.6020488, y: 0.50178576}
  - {x: -0.38372606, y: 0.6586556}
  - {x: -0.31337497, y: 0.85298246}
  - {x: 1.119857, y: 0.37980932}
  - {x: -0.38372606, y: 0.6586556}
  - {x: -0.63167685, y: 0.6497412}
  - {x: -0.5613258, y: 0.844068}
  - {x: -0.31337497, y: 0.85298246}
  - {x: -0.5613258, y: 0.844068}
  - {x: -0.49590066, y: 0.9424524}
  - {x: -0.24795033, y: 0.95136684}
  - {x: -0.31337497, y: 0.85298246}
  - {x: -0.24795033, y: 0.95136684}
  - {x: 0.6020488, y: 0.9819264}
  - {x: 1.119857, y: 0.37980932}
  - {x: -0.31337497, y: 0.85298246}
  - {x: 0, y: 0.55224603}
  - {x: -0.25, y: 0.55224603}
  - {x: -0.25, y: 0.7606663}
  - {x: 0, y: 0.7606663}
  - {x: -0.25, y: 0.55224603}
  - {x: -0.5, y: 0.55224603}
  - {x: -0.5, y: 0.7606663}
  - {x: -0.25, y: 0.7606663}
  - {x: -0.5, y: 0.7606663}
  - {x: -0.5, y: 1.3086022}
  - {x: -0.25, y: 1.3086022}
  - {x: -0.25, y: 0.7606663}
  - {x: -0.25, y: 1.3086022}
  - {x: 0, y: 1.3086022}
  - {x: 0, y: 0.7606663}
  - {x: -0.25, y: 0.7606663}
  - {x: -0.5, y: 0.55224603}
  - {x: -0.75, y: 0.55224603}
  - {x: -0.75, y: 0.7606663}
  - {x: -0.5, y: 0.7606663}
  - {x: -0.75, y: 0.55224603}
  - {x: -1, y: 0.55224603}
  - {x: -1, y: 0.7606663}
  - {x: -0.75, y: 0.7606663}
  - {x: -1, y: 0.7606663}
  - {x: -1, y: 1.3086022}
  - {x: -0.75, y: 1.3086022}
  - {x: -0.75, y: 0.7606663}
  - {x: -0.75, y: 1.3086022}
  - {x: -0.5, y: 1.3086022}
  - {x: -0.5, y: 0.7606663}
  - {x: -0.75, y: 0.7606663}
  - {x: -0.5, y: 1.3086022}
  - {x: -0.75, y: 1.3086022}
  - {x: -0.75, y: 1.4996922}
  - {x: -0.5, y: 1.4996922}
  - {x: -0.75, y: 1.3086022}
  - {x: -1, y: 1.3086022}
  - {x: -1, y: 1.4996922}
  - {x: -0.75, y: 1.4996922}
  - {x: -1, y: 1.4996922}
  - {x: -1, y: 1.7254428}
  - {x: -0.75, y: 1.7254428}
  - {x: -0.75, y: 1.4996922}
  - {x: -0.75, y: 1.7254428}
  - {x: -0.5, y: 1.7254428}
  - {x: -0.5, y: 1.4996922}
  - {x: -0.75, y: 1.4996922}
  - {x: 0, y: 1.3086022}
  - {x: -0.25, y: 1.3086022}
  - {x: -0.25, y: 1.4996922}
  - {x: 0, y: 1.4996922}
  - {x: -0.25, y: 1.3086022}
  - {x: -0.5, y: 1.3086022}
  - {x: -0.5, y: 1.4996922}
  - {x: -0.25, y: 1.4996922}
  - {x: -0.5, y: 1.4996922}
  - {x: -0.5, y: 1.7254428}
  - {x: -0.25, y: 1.7254428}
  - {x: -0.25, y: 1.4996922}
  - {x: -0.25, y: 1.7254428}
  - {x: 0, y: 1.7254428}
  - {x: 0, y: 1.4996922}
  - {x: -0.25, y: 1.4996922}
  - {x: 0.4865143, y: 0.04649057}
  - {x: 0.4865143, y: 0.29622382}
  - {x: 0.73649174, y: 0.296379}
  - {x: 0.73649174, y: 0.046645753}
  - {x: 0.4865143, y: 0.29622382}
  - {x: 0.482487, y: 0.5597961}
  - {x: 0.73246443, y: 0.5599513}
  - {x: 0.73649174, y: 0.296379}
  - {x: 0.73246443, y: 0.5599513}
  - {x: 1.601204, y: 0.54664904}
  - {x: 0.98646915, y: 0.29653418}
  - {x: 0.73649174, y: 0.296379}
  - {x: 0.98646915, y: 0.29653418}
  - {x: 0.98646915, y: 0.046800938}
  - {x: 0.73649174, y: 0.046645753}
  - {x: 0.73649174, y: 0.296379}
  - {x: -0.013440535, y: 0.046180196}
  - {x: -0.013440535, y: 0.29591343}
  - {x: 0.23653689, y: 0.2960686}
  - {x: 0.23653689, y: 0.04633538}
  - {x: -0.013440535, y: 0.29591343}
  - {x: -0.62041134, y: 0.54526985}
  - {x: 0.23250909, y: 0.5596409}
  - {x: 0.23653689, y: 0.2960686}
  - {x: 0.23250909, y: 0.5596409}
  - {x: 0.482487, y: 0.5597961}
  - {x: 0.4865143, y: 0.29622382}
  - {x: 0.23653689, y: 0.2960686}
  - {x: 0.4865143, y: 0.29622382}
  - {x: 0.4865143, y: 0.04649057}
  - {x: 0.23653689, y: 0.04633538}
  - {x: 0.23653689, y: 0.2960686}
  - {x: -0.62041134, y: 0.54526985}
  - {x: -1.1424527, y: 0.39869392}
  - {x: 0.23653689, y: 0.7955351}
  - {x: 0.23250909, y: 0.5596409}
  - {x: -1.1424527, y: 0.39869392}
  - {x: -0.62041134, y: 1.0447364}
  - {x: 0.23653689, y: 1.0452683}
  - {x: 0.23653689, y: 0.7955351}
  - {x: 0.23653689, y: 1.0452683}
  - {x: 0.4865143, y: 1.0454235}
  - {x: 0.4865143, y: 0.7956903}
  - {x: 0.23653689, y: 0.7955351}
  - {x: 0.4865143, y: 0.7956903}
  - {x: 0.482487, y: 0.5597961}
  - {x: 0.23250909, y: 0.5596409}
  - {x: 0.23653689, y: 0.7955351}
  - {x: 0.482487, y: 0.5597961}
  - {x: 0.4865143, y: 0.7956903}
  - {x: 0.73649174, y: 0.79584545}
  - {x: 0.73246443, y: 0.5599513}
  - {x: 0.4865143, y: 0.7956903}
  - {x: 0.4865143, y: 1.0454235}
  - {x: 0.73649174, y: 1.0455787}
  - {x: 0.73649174, y: 0.79584545}
  - {x: 0.73649174, y: 1.0455787}
  - {x: 1.601204, y: 1.0461155}
  - {x: 2.2507408, y: 0.34617507}
  - {x: 0.73649174, y: 0.79584545}
  - {x: 2.2507408, y: 0.34617507}
  - {x: 1.601204, y: 0.54664904}
  - {x: 0.73246443, y: 0.5599513}
  - {x: 0.73649174, y: 0.79584545}
  - {x: 0.5, y: 0}
  - {x: 0.5, y: 0.20801184}
  - {x: 0.75, y: 0.20801184}
  - {x: 0.75, y: 0}
  - {x: 0.5, y: 0.20801184}
  - {x: 0.5, y: 0.7527435}
  - {x: 0.75, y: 0.7527435}
  - {x: 0.75, y: 0.20801184}
  - {x: 0.75, y: 0.7527435}
  - {x: 1, y: 0.7527435}
  - {x: 1, y: 0.20801184}
  - {x: 0.75, y: 0.20801184}
  - {x: 1, y: 0.20801184}
  - {x: 1, y: 0}
  - {x: 0.75, y: 0}
  - {x: 0.75, y: 0.20801184}
  - {x: 0, y: 0}
  - {x: 0, y: 0.20801184}
  - {x: 0.25, y: 0.20801184}
  - {x: 0.25, y: 0}
  - {x: 0, y: 0.20801184}
  - {x: 0, y: 0.7527435}
  - {x: 0.25, y: 0.7527435}
  - {x: 0.25, y: 0.20801184}
  - {x: 0.25, y: 0.7527435}
  - {x: 0.5, y: 0.7527435}
  - {x: 0.5, y: 0.20801184}
  - {x: 0.25, y: 0.20801184}
  - {x: 0.5, y: 0.20801184}
  - {x: 0.5, y: 0}
  - {x: 0.25, y: 0}
  - {x: 0.25, y: 0.20801184}
  - {x: 0, y: 0.7527435}
  - {x: 0, y: 0.9205299}
  - {x: 0.25, y: 0.9205299}
  - {x: 0.25, y: 0.7527435}
  - {x: 0, y: 0.9205299}
  - {x: 0, y: 1.1687672}
  - {x: 0.25, y: 1.1687672}
  - {x: 0.25, y: 0.9205299}
  - {x: 0.25, y: 1.1687672}
  - {x: 0.5, y: 1.1687672}
  - {x: 0.5, y: 0.9205299}
  - {x: 0.25, y: 0.9205299}
  - {x: 0.5, y: 0.9205299}
  - {x: 0.5, y: 0.7527435}
  - {x: 0.25, y: 0.7527435}
  - {x: 0.25, y: 0.9205299}
  - {x: 0.5, y: 0.7527435}
  - {x: 0.5, y: 0.9205299}
  - {x: 0.75, y: 0.9205299}
  - {x: 0.75, y: 0.7527435}
  - {x: 0.5, y: 0.9205299}
  - {x: 0.5, y: 1.1687672}
  - {x: 0.75, y: 1.1687672}
  - {x: 0.75, y: 0.9205299}
  - {x: 0.75, y: 1.1687672}
  - {x: 1, y: 1.1687672}
  - {x: 1, y: 0.9205299}
  - {x: 0.75, y: 0.9205299}
  - {x: 1, y: 0.9205299}
  - {x: 1, y: 0.7527435}
  - {x: 0.75, y: 0.7527435}
  - {x: 0.75, y: 0.9205299}
  - {x: 0.5, y: -0.5}
  - {x: 0.25, y: -0.5}
  - {x: 0.25, y: -0.25}
  - {x: 0.5, y: -0.25}
  - {x: 0.25, y: -0.5}
  - {x: -0.6070256, y: -0.5}
  - {x: -0.6070256, y: -0.25}
  - {x: 0.25, y: -0.25}
  - {x: -0.6070256, y: -0.25}
  - {x: -0.6070256, y: 0}
  - {x: 0.25, y: 0}
  - {x: 0.25, y: -0.25}
  - {x: 0.25, y: 0}
  - {x: 0.5, y: 0}
  - {x: 0.5, y: -0.25}
  - {x: 0.25, y: -0.25}
  - {x: 1.6147904, y: -0.5}
  - {x: 0.75, y: -0.5}
  - {x: 0.75, y: -0.25}
  - {x: 1.6147904, y: -0.25}
  - {x: 0.75, y: -0.5}
  - {x: 0.5, y: -0.5}
  - {x: 0.5, y: -0.25}
  - {x: 0.75, y: -0.25}
  - {x: 0.5, y: -0.25}
  - {x: 0.5, y: 0}
  - {x: 0.75, y: 0}
  - {x: 0.75, y: -0.25}
  - {x: 0.75, y: 0}
  - {x: 1.6147904, y: 0}
  - {x: 1.6147904, y: -0.25}
  - {x: 0.75, y: -0.25}
  - {x: 1.6147904, y: -1}
  - {x: 0.75, y: -1}
  - {x: 0.75, y: -0.75}
  - {x: 1.6147904, y: -0.75}
  - {x: 0.75, y: -1}
  - {x: 0.5, y: -1}
  - {x: 0.5, y: -0.75}
  - {x: 0.75, y: -0.75}
  - {x: 0.5, y: -0.75}
  - {x: 0.5, y: -0.5}
  - {x: 0.75, y: -0.5}
  - {x: 0.75, y: -0.75}
  - {x: 0.75, y: -0.5}
  - {x: 1.6147904, y: -0.5}
  - {x: 1.6147904, y: -0.75}
  - {x: 0.75, y: -0.75}
  - {x: 0.5, y: -1}
  - {x: 0.25, y: -1}
  - {x: 0.25, y: -0.75}
  - {x: 0.5, y: -0.75}
  - {x: 0.25, y: -1}
  - {x: -0.6070256, y: -1}
  - {x: -0.6070256, y: -0.75}
  - {x: 0.25, y: -0.75}
  - {x: -0.6070256, y: -0.75}
  - {x: -0.6070256, y: -0.5}
  - {x: 0.25, y: -0.5}
  - {x: 0.25, y: -0.75}
  - {x: 0.25, y: -0.5}
  - {x: 0.5, y: -0.5}
  - {x: 0.5, y: -0.75}
  - {x: 0.25, y: -0.75}
  - {x: -0.4999936, y: -1}
  - {x: -0.49914184, y: -0.7508554}
  - {x: -0.24914457, y: -0.75084895}
  - {x: -0.2499968, y: -0.99999356}
  - {x: -0.49914184, y: -0.7508554}
  - {x: -0.49914184, y: -0.5008586}
  - {x: -0.24914457, y: -0.50085217}
  - {x: -0.24914457, y: -0.75084895}
  - {x: -0.24914457, y: -0.50085217}
  - {x: 0, y: -0.4999936}
  - {x: 0, y: -0.7499904}
  - {x: -0.24914457, y: -0.75084895}
  - {x: 0, y: -0.7499904}
  - {x: 0, y: -0.9999872}
  - {x: -0.2499968, y: -0.99999356}
  - {x: -0.24914457, y: -0.75084895}
  - {x: -0.9999872, y: -1.0000128}
  - {x: -0.9999872, y: -0.750016}
  - {x: -0.74913865, y: -0.75086176}
  - {x: -0.7499904, y: -1.0000064}
  - {x: -0.9999872, y: -0.750016}
  - {x: -0.9999872, y: -0.5000192}
  - {x: -0.74913865, y: -0.500865}
  - {x: -0.74913865, y: -0.75086176}
  - {x: -0.74913865, y: -0.500865}
  - {x: -0.49914184, y: -0.5008586}
  - {x: -0.49914184, y: -0.7508554}
  - {x: -0.74913865, y: -0.75086176}
  - {x: -0.49914184, y: -0.7508554}
  - {x: -0.4999936, y: -1}
  - {x: -0.7499904, y: -1.0000064}
  - {x: -0.74913865, y: -0.75086176}
  - {x: -0.9999872, y: -0.5000192}
  - {x: -0.9999872, y: -0.2500224}
  - {x: -0.74913865, y: -0.2508682}
  - {x: -0.74913865, y: -0.500865}
  - {x: -0.9999872, y: -0.2500224}
  - {x: -0.9999872, y: -0.000025613175}
  - {x: -0.7499904, y: -0.000019209881}
  - {x: -0.74913865, y: -0.2508682}
  - {x: -0.7499904, y: -0.000019209881}
  - {x: -0.4999936, y: -0.000012806588}
  - {x: -0.49914184, y: -0.2508618}
  - {x: -0.74913865, y: -0.2508682}
  - {x: -0.49914184, y: -0.2508618}
  - {x: -0.49914184, y: -0.5008586}
  - {x: -0.74913865, y: -0.500865}
  - {x: -0.74913865, y: -0.2508682}
  - {x: -0.49914184, y: -0.5008586}
  - {x: -0.49914184, y: -0.2508618}
  - {x: -0.24914457, y: -0.2508554}
  - {x: -0.24914457, y: -0.50085217}
  - {x: -0.49914184, y: -0.2508618}
  - {x: -0.4999936, y: -0.000012806588}
  - {x: -0.2499968, y: -0.000006403294}
  - {x: -0.24914457, y: -0.2508554}
  - {x: -0.2499968, y: -0.000006403294}
  - {x: 0, y: 0}
  - {x: 0, y: -0.2499968}
  - {x: -0.24914457, y: -0.2508554}
  - {x: 0, y: -0.2499968}
  - {x: 0, y: -0.4999936}
  - {x: -0.24914457, y: -0.50085217}
  - {x: -0.24914457, y: -0.2508554}
  m_Textures2: []
  m_Textures3: []
  m_Tangents:
  - {x: -0.7570661, y: 0.13220318, z: -0.63982284, w: -1}
  - {x: -0.99858695, y: -0.0233181, z: -0.04775272, w: -1}
  - {x: -0.7570661, y: 0.13220318, z: -0.63982284, w: -1}
  - {x: -0.4264135, y: 0.23582913, z: -0.8732446, w: -1}
  - {x: -0.99858695, y: -0.023318095, z: -0.047752704, w: -1}
  - {x: -0.99858695, y: -0.0233181, z: -0.04775272, w: -1}
  - {x: -0.99858695, y: -0.023318095, z: -0.047752704, w: -1}
  - {x: -0.99858695, y: -0.023318091, z: -0.0477527, w: -1}
  - {x: -0.99750054, y: -0.017295469, z: -0.06851061, w: -1}
  - {x: -0.9975005, y: -0.017295439, z: -0.068510495, w: -1}
  - {x: -0.9975005, y: -0.01729541, z: -0.06851038, w: -1}
  - {x: -0.9975005, y: -0.017295439, z: -0.068510495, w: -1}
  - {x: -0.71559054, y: 0.16898456, z: -0.67777157, w: -1}
  - {x: -0.7447288, y: 0.15912937, z: -0.6481181, w: -1}
  - {x: -0.71559054, y: 0.16898456, z: -0.67777157, w: -1}
  - {x: -0.68726224, y: 0.17748159, z: -0.704394, w: -1}
  - {x: -0.99858695, y: -0.023318117, z: -0.047752757, w: -1}
  - {x: -0.99858695, y: -0.023318103, z: -0.047752727, w: -1}
  - {x: -0.99858695, y: -0.023318117, z: -0.047752757, w: -1}
  - {x: -0.99858695, y: -0.023318136, z: -0.047752794, w: -1}
  - {x: -0.9089821, y: -0.11247605, z: 0.40137336, w: -1}
  - {x: -0.9993113, y: -0.037107, z: 0, w: -1}
  - {x: -0.9089821, y: -0.11247605, z: 0.40137336, w: -1}
  - {x: -0.60934347, y: -0.2403823, z: 0.75559044, w: -1}
  - {x: -0.78045166, y: -0.19972233, z: 0.59245783, w: -1}
  - {x: -0.7837974, y: -0.19856933, z: 0.5884146, w: -1}
  - {x: -0.7870571, y: -0.19763513, z: 0.58436424, w: -1}
  - {x: -0.7837974, y: -0.19856933, z: 0.5884146, w: -1}
  - {x: -0.9975005, y: -0.017295469, z: -0.068510614, w: -1}
  - {x: -0.99750054, y: -0.017295443, z: -0.06851051, w: -1}
  - {x: -0.9975005, y: -0.017295469, z: -0.068510614, w: -1}
  - {x: -0.9975005, y: -0.017295497, z: -0.068510726, w: -1}
  - {x: -0.9927825, y: -0.065766774, z: 0.100287914, w: -1}
  - {x: -0.9927825, y: -0.065766774, z: 0.100287914, w: -1}
  - {x: -0.9927825, y: -0.065766774, z: 0.100287914, w: -1}
  - {x: -0.9927825, y: -0.065766774, z: 0.100287914, w: -1}
  - {x: -0.7774713, y: 0.13632898, z: 0.6139648, w: 1}
  - {x: -0.18553898, y: -0.2784692, z: 0.9423535, w: 1}
  - {x: -0.7774713, y: 0.13632898, z: 0.6139648, w: 1}
  - {x: -0.5331566, y: -0.252501, z: 0.80745727, w: -1}
  - {x: -0.86291057, y: -0.16926956, z: 0.4761652, w: -1}
  - {x: -0.91894245, y: -0.1005597, z: 0.38135627, w: -1}
  - {x: -0.9793382, y: -0.088736095, z: 0.18172106, w: -1}
  - {x: -0.91894245, y: -0.1005597, z: 0.38135627, w: -1}
  - {x: -0.97933835, y: -0.0887359, z: 0.18172064, w: -1}
  - {x: -0.97933835, y: -0.0887359, z: 0.18172066, w: -1}
  - {x: -0.97933835, y: -0.0887359, z: 0.18172064, w: -1}
  - {x: -0.97933835, y: -0.0887359, z: 0.18172064, w: -1}
  - {x: -0.9213765, y: 0.09216162, z: -0.3775865, w: -1}
  - {x: -0.48156562, y: 0.22614042, z: -0.8467321, w: -1}
  - {x: -0.9213765, y: 0.09216162, z: -0.3775865, w: -1}
  - {x: -0.76736766, y: -0.20371202, z: 0.60798705, w: -1}
  - {x: -0.9927825, y: -0.065766856, z: 0.10028803, w: -1}
  - {x: -0.9927825, y: -0.065766655, z: 0.10028772, w: -1}
  - {x: -0.9927825, y: -0.065766856, z: 0.10028803, w: -1}
  - {x: -0.9927825, y: -0.065767065, z: 0.100288354, w: -1}
  - {x: -0.9793381, y: -0.088736296, z: 0.18172146, w: -1}
  - {x: -0.9793381, y: -0.088736385, z: 0.18172166, w: -1}
  - {x: -0.979338, y: -0.088736445, z: 0.18172178, w: -1}
  - {x: -0.9793381, y: -0.088736385, z: 0.18172166, w: -1}
  - {x: -0.833015, y: 0.34415615, z: -0.4331773, w: -1}
  - {x: -0.9993113, y: -0.03710696, z: 0, w: -1}
  - {x: -0.833015, y: 0.34415615, z: -0.4331773, w: -1}
  - {x: -0.4084991, y: 0.23872566, z: -0.8809872, w: -1}
  - {x: 0, y: 0, z: 1, w: -1}
  - {x: 0, y: 0, z: 1, w: -1}
  - {x: 0, y: 0, z: 1, w: -1}
  - {x: 0, y: 0, z: 1, w: -1}
  - {x: 0, y: 0, z: 1, w: -1}
  - {x: 0, y: 0, z: 1, w: -1}
  - {x: 0, y: 0, z: 1, w: -1}
  - {x: 0, y: 0, z: 1, w: -1}
  - {x: 0, y: 0, z: 1, w: -1}
  - {x: 0, y: 0, z: 1, w: -1}
  - {x: 0, y: 0, z: 1, w: -1}
  - {x: 0, y: 0, z: 1, w: -1}
  - {x: 0, y: 0, z: 1, w: -1}
  - {x: 0, y: 0, z: 1, w: -1}
  - {x: 0, y: 0, z: 1, w: -1}
  - {x: 0, y: 0, z: 1, w: -1}
  - {x: 0, y: 0, z: 1, w: -1}
  - {x: 0, y: 0, z: 1, w: -1}
  - {x: 0, y: 0, z: 1, w: -1}
  - {x: 0, y: 0, z: 1, w: -1}
  - {x: 0, y: 0, z: 1, w: -1}
  - {x: 0, y: 0, z: 1, w: -1}
  - {x: 0, y: 0, z: 1, w: -1}
  - {x: 0, y: 0, z: 1, w: -1}
  - {x: 0, y: 0, z: 1, w: -1}
  - {x: 0, y: 0, z: 1, w: -1}
  - {x: 0, y: 0, z: 1, w: -1}
  - {x: 0, y: 0, z: 1, w: -1}
  - {x: 0, y: 0, z: 1, w: -1}
  - {x: 0, y: 0, z: 1, w: -1}
  - {x: 0, y: 0, z: 1, w: -1}
  - {x: 0, y: 0, z: 1, w: -1}
  - {x: 0, y: 0, z: 1, w: -1}
  - {x: 0, y: 0, z: 1, w: -1}
  - {x: 0, y: 0, z: 1, w: -1}
  - {x: 0, y: 0, z: 1, w: -1}
  - {x: 0, y: 0, z: 1, w: -1}
  - {x: 0, y: 0, z: 1, w: -1}
  - {x: 0, y: 0, z: 1, w: -1}
  - {x: 0, y: 0, z: 1, w: -1}
  - {x: 0, y: 0, z: 1, w: -1}
  - {x: 0, y: 0, z: 1, w: -1}
  - {x: 0, y: 0, z: 1, w: -1}
  - {x: 0, y: 0, z: 1, w: -1}
  - {x: 0, y: 0, z: 1, w: -1}
  - {x: 0, y: 0, z: 1, w: -1}
  - {x: 0, y: 0, z: 1, w: -1}
  - {x: 0, y: 0, z: 1, w: -1}
  - {x: 0, y: 0, z: 1, w: -1}
  - {x: 0, y: 0, z: 1, w: -1}
  - {x: 0, y: 0, z: 1, w: -1}
  - {x: 0, y: 0, z: 1, w: -1}
  - {x: 0, y: 0, z: 1, w: -1}
  - {x: 0, y: 0, z: 1, w: -1}
  - {x: 0, y: 0, z: 1, w: -1}
  - {x: 0, y: 0, z: 1, w: -1}
  - {x: 0, y: 0, z: 1, w: -1}
  - {x: 0, y: 0, z: 1, w: -1}
  - {x: 0, y: 0, z: 1, w: -1}
  - {x: 0, y: 0, z: 1, w: -1}
  - {x: 0, y: 0, z: 1, w: -1}
  - {x: 0, y: 0, z: 1, w: -1}
  - {x: 0, y: 0, z: 1, w: -1}
  - {x: 0, y: 0, z: 1, w: -1}
  - {x: 0.9999999, y: -0.0006214155, z: 0, w: -1}
  - {x: 0.9999999, y: -0.0006213857, z: 0, w: -1}
  - {x: 0.9999999, y: -0.0006214155, z: 0, w: -1}
  - {x: 0.9999999, y: -0.00062144536, z: 0, w: -1}
  - {x: 0.99999964, y: -0.00058881583, z: 0.0007058135, w: -1}
  - {x: 0.99999964, y: -0.0005888724, z: 0.00070588134, w: -1}
  - {x: 0.99999964, y: -0.00058881583, z: 0.0007058135, w: -1}
  - {x: 0.99999964, y: -0.00058875926, z: 0.0007057457, w: -1}
  - {x: 0.94980836, y: 0.013857703, z: 0.31252515, w: -1}
  - {x: 0.99086344, y: -0.005717746, z: 0.13474803, w: -1}
  - {x: 0.9999999, y: -0.0006213857, z: 0, w: -1}
  - {x: 0.99086344, y: -0.005717746, z: 0.13474803, w: -1}
  - {x: 0.9999999, y: -0.0006213857, z: 0, w: -1}
  - {x: 0.9999999, y: -0.0006213857, z: 0, w: -1}
  - {x: 0.9999999, y: -0.0006213857, z: 0, w: -1}
  - {x: 0.9999999, y: -0.0006213857, z: 0, w: -1}
  - {x: 0.9999999, y: -0.00062141556, z: 0, w: -1}
  - {x: 0.9999999, y: -0.0006213857, z: 0, w: -1}
  - {x: 0.9999999, y: -0.00062141556, z: 0, w: -1}
  - {x: 0.9999999, y: -0.0006214454, z: 0, w: -1}
  - {x: 0.98522764, y: -0.013374923, z: -0.17072664, w: -1}
  - {x: 0.94782406, y: -0.01530966, z: -0.31842595, w: -1}
  - {x: 0.98522764, y: -0.013374923, z: -0.17072664, w: -1}
  - {x: 0.99999964, y: -0.0005887594, z: 0.0007057458, w: -1}
  - {x: 0.99999964, y: -0.0005888713, z: 0.00070588, w: -1}
  - {x: 0.99999964, y: -0.0005888719, z: 0.00070588064, w: -1}
  - {x: 0.99999964, y: -0.00058887247, z: 0.00070588134, w: -1}
  - {x: 0.99999964, y: -0.0005888719, z: 0.00070588064, w: -1}
  - {x: 0.9999999, y: -0.0006214454, z: 0, w: -1}
  - {x: 0.9999999, y: -0.0006213857, z: 0, w: -1}
  - {x: 0.9999999, y: -0.0006214454, z: 0, w: -1}
  - {x: 0.9999999, y: -0.00062150514, z: 0, w: -1}
  - {x: 0.9890435, y: -0.026468726, z: -0.14523236, w: -1}
  - {x: 0.9999999, y: -0.00062053464, z: 0, w: -1}
  - {x: 0.9890435, y: -0.026468726, z: -0.14523236, w: -1}
  - {x: 0.93743515, y: -0.01665937, z: -0.34776127, w: -1}
  - {x: 0.9999999, y: -0.00062137446, z: 0, w: -1}
  - {x: 0.9999999, y: -0.0006213115, z: 0, w: -1}
  - {x: 0.9999999, y: -0.00062137446, z: 0, w: -1}
  - {x: 0.9999999, y: -0.0006214375, z: 0, w: -1}
  - {x: 0.9999999, y: -0.00062150514, z: 0, w: -1}
  - {x: 0.9999999, y: -0.00062150514, z: 0, w: -1}
  - {x: 0.9999999, y: -0.00062150514, z: 0, w: -1}
  - {x: 0.9999999, y: -0.00062150514, z: 0, w: -1}
  - {x: 0.9999995, y: -0.0006579656, z: -0.00078870327, w: -1}
  - {x: 0.9999995, y: -0.0006579649, z: -0.0007887026, w: -1}
  - {x: 0.9999995, y: -0.0006579656, z: -0.00078870327, w: -1}
  - {x: 0.9999995, y: -0.0006579662, z: -0.000788704, w: -1}
  - {x: 0.9999995, y: -0.00065784, z: -0.00078855274, w: -1}
  - {x: 0.9999995, y: -0.00065771356, z: -0.00078840123, w: -1}
  - {x: 0.9999995, y: -0.00065784, z: -0.00078855274, w: -1}
  - {x: 0.9999995, y: -0.0006579665, z: -0.0007887043, w: -1}
  - {x: 0.9999999, y: -0.0006213857, z: 0, w: -1}
  - {x: 0.9999999, y: -0.00062150514, z: 0, w: -1}
  - {x: 0.9999999, y: -0.0006213857, z: 0, w: -1}
  - {x: 0.9999999, y: -0.0006212663, z: 0, w: -1}
  - {x: 0.9999999, y: -0.0006213907, z: 0, w: -1}
  - {x: 0.9999999, y: -0.00062140543, z: 0, w: -1}
  - {x: 0.9999999, y: -0.0006214202, z: 0, w: -1}
  - {x: 0.9999999, y: -0.00062140543, z: 0, w: -1}
  - {x: 0.972742, y: -0.12922682, z: 0.19254404, w: -1}
  - {x: 0.9393606, y: 0.015254152, z: 0.34259152, w: 1}
  - {x: 0.972742, y: -0.12922682, z: 0.19254404, w: -1}
  - {x: 0.9355296, y: 0.015733007, z: 0.35289776, w: -1}
  - {x: 0, y: 0, z: -1, w: -1}
  - {x: 0, y: 0, z: -1, w: -1}
  - {x: 0, y: 0, z: -1, w: -1}
  - {x: 0, y: 0, z: -1, w: -1}
  - {x: 0, y: 0, z: -1, w: -1}
  - {x: 0, y: 0, z: -1, w: -1}
  - {x: 0, y: 0, z: -1, w: -1}
  - {x: 0, y: 0, z: -1, w: -1}
  - {x: 0, y: 0, z: -1, w: -1}
  - {x: 0, y: 0, z: -1, w: -1}
  - {x: 0, y: 0, z: -1, w: -1}
  - {x: 0, y: 0, z: -1, w: -1}
  - {x: 0, y: 0, z: -1, w: -1}
  - {x: 0, y: 0, z: -1, w: -1}
  - {x: 0, y: 0, z: -1, w: -1}
  - {x: 0, y: 0, z: -1, w: -1}
  - {x: 0, y: 0, z: -1, w: -1}
  - {x: 0, y: 0, z: -1, w: -1}
  - {x: 0, y: 0, z: -1, w: -1}
  - {x: 0, y: 0, z: -1, w: -1}
  - {x: 0, y: 0, z: -1, w: -1}
  - {x: 0, y: 0, z: -1, w: -1}
  - {x: 0, y: 0, z: -1, w: -1}
  - {x: 0, y: 0, z: -1, w: -1}
  - {x: 0, y: 0, z: -1, w: -1}
  - {x: 0, y: 0, z: -1, w: -1}
  - {x: 0, y: 0, z: -1, w: -1}
  - {x: 0, y: 0, z: -1, w: -1}
  - {x: 0, y: 0, z: -1, w: -1}
  - {x: 0, y: 0, z: -1, w: -1}
  - {x: 0, y: 0, z: -1, w: -1}
  - {x: 0, y: 0, z: -1, w: -1}
  - {x: 0, y: 0, z: -1, w: -1}
  - {x: 0, y: 0, z: -1, w: -1}
  - {x: 0, y: 0, z: -1, w: -1}
  - {x: 0, y: 0, z: -1, w: -1}
  - {x: 0, y: 0, z: -1, w: -1}
  - {x: 0, y: 0, z: -1, w: -1}
  - {x: 0, y: 0, z: -1, w: -1}
  - {x: 0, y: 0, z: -1, w: -1}
  - {x: 0, y: 0, z: -1, w: -1}
  - {x: 0, y: 0, z: -1, w: -1}
  - {x: 0, y: 0, z: -1, w: -1}
  - {x: 0, y: 0, z: -1, w: -1}
  - {x: 0, y: 0, z: -1, w: -1}
  - {x: 0, y: 0, z: -1, w: -1}
  - {x: 0, y: 0, z: -1, w: -1}
  - {x: 0, y: 0, z: -1, w: -1}
  - {x: 0, y: 0, z: -1, w: -1}
  - {x: 0, y: 0, z: -1, w: -1}
  - {x: 0, y: 0, z: -1, w: -1}
  - {x: 0, y: 0, z: -1, w: -1}
  - {x: 0, y: 0, z: -1, w: -1}
  - {x: 0, y: 0, z: -1, w: -1}
  - {x: 0, y: 0, z: -1, w: -1}
  - {x: 0, y: 0, z: -1, w: -1}
  - {x: 0, y: 0, z: -1, w: -1}
  - {x: 0, y: 0, z: -1, w: -1}
  - {x: 0, y: 0, z: -1, w: -1}
  - {x: 0, y: 0, z: -1, w: -1}
  - {x: 0, y: 0, z: -1, w: -1}
  - {x: 0, y: 0, z: -1, w: -1}
  - {x: 0, y: 0, z: -1, w: -1}
  - {x: 0, y: 0, z: -1, w: -1}
  - {x: 1, y: 0, z: 0, w: -1}
  - {x: 1, y: 0, z: 0, w: -1}
  - {x: 1, y: 0, z: 0, w: -1}
  - {x: 1, y: 0, z: 0, w: -1}
  - {x: 1, y: 0, z: 0, w: -1}
  - {x: 1, y: 0, z: 0, w: -1}
  - {x: 1, y: 0, z: 0, w: -1}
  - {x: 1, y: 0, z: 0, w: -1}
  - {x: 1, y: 0, z: 0, w: -1}
  - {x: 1, y: 0, z: 0, w: -1}
  - {x: 1, y: 0, z: 0, w: -1}
  - {x: 1, y: 0, z: 0, w: -1}
  - {x: 1, y: 0, z: 0, w: -1}
  - {x: 1, y: 0, z: 0, w: -1}
  - {x: 1, y: 0, z: 0, w: -1}
  - {x: 1, y: 0, z: 0, w: -1}
  - {x: 1, y: 0, z: 0, w: -1}
  - {x: 1, y: 0, z: 0, w: -1}
  - {x: 1, y: 0, z: 0, w: -1}
  - {x: 1, y: 0, z: 0, w: -1}
  - {x: 1, y: 0, z: 0, w: -1}
  - {x: 1, y: 0, z: 0, w: -1}
  - {x: 1, y: 0, z: 0, w: -1}
  - {x: 1, y: 0, z: 0, w: -1}
  - {x: 1, y: 0, z: 0, w: -1}
  - {x: 1, y: 0, z: 0, w: -1}
  - {x: 1, y: 0, z: 0, w: -1}
  - {x: 1, y: 0, z: 0, w: -1}
  - {x: 1, y: 0, z: 0, w: -1}
  - {x: 1, y: 0, z: 0, w: -1}
  - {x: 1, y: 0, z: 0, w: -1}
  - {x: 1, y: 0, z: 0, w: -1}
  - {x: 1, y: 0, z: 0, w: -1}
  - {x: 1, y: 0, z: 0, w: -1}
  - {x: 1, y: 0, z: 0, w: -1}
  - {x: 1, y: 0, z: 0, w: -1}
  - {x: 1, y: 0, z: 0, w: -1}
  - {x: 1, y: 0, z: 0, w: -1}
  - {x: 1, y: 0, z: 0, w: -1}
  - {x: 1, y: 0, z: 0, w: -1}
  - {x: 1, y: 0, z: 0, w: -1}
  - {x: 1, y: 0, z: 0, w: -1}
  - {x: 1, y: 0, z: 0, w: -1}
  - {x: 1, y: 0, z: 0, w: -1}
  - {x: 1, y: 0, z: 0, w: -1}
  - {x: 1, y: 0, z: 0, w: -1}
  - {x: 1, y: 0, z: 0, w: -1}
  - {x: 1, y: 0, z: 0, w: -1}
  - {x: 1, y: 0, z: 0, w: -1}
  - {x: 1, y: 0, z: 0, w: -1}
  - {x: 1, y: 0, z: 0, w: -1}
  - {x: 1, y: 0, z: 0, w: -1}
  - {x: 1, y: 0, z: 0, w: -1}
  - {x: 1, y: 0, z: 0, w: -1}
  - {x: 1, y: 0, z: 0, w: -1}
  - {x: 1, y: 0, z: 0, w: -1}
  - {x: 1, y: 0, z: 0, w: -1}
  - {x: 1, y: 0, z: 0, w: -1}
  - {x: 1, y: 0, z: 0, w: -1}
  - {x: 1, y: 0, z: 0, w: -1}
  - {x: 1, y: 0, z: 0, w: -1}
  - {x: 1, y: 0, z: 0, w: -1}
  - {x: 1, y: 0, z: 0, w: -1}
  - {x: 1, y: 0, z: 0, w: -1}
  - {x: -1, y: -0.000017403196, z: -0.000025837588, w: -1}
  - {x: -1, y: -0.000017403177, z: -0.000025837562, w: -1}
  - {x: -1, y: -0.000017403196, z: -0.000025837588, w: -1}
  - {x: -1, y: -0.000017403212, z: -0.00002583761, w: -1}
  - {x: -1, y: 0, z: -0.00002574949, w: -1}
  - {x: -1, y: 0, z: -0.00002574949, w: -1}
  - {x: -1, y: 0, z: -0.00002574949, w: -1}
  - {x: -1, y: 0, z: -0.00002574949, w: -1}
  - {x: -0.8293983, y: -0.55865055, z: -0.0028484398, w: -1}
  - {x: -0.8293983, y: -0.55865055, z: -0.00284839, w: -1}
  - {x: -0.8293983, y: -0.55865055, z: -0.0028483407, w: -1}
  - {x: -0.8293983, y: -0.55865055, z: -0.00284839, w: -1}
  - {x: -0.9610666, y: -0.2759415, z: -0.014401585, w: -1}
  - {x: -1, y: 0, z: -0.000025511115, w: -1}
  - {x: -0.9610666, y: -0.2759415, z: -0.014401585, w: -1}
  - {x: -0.82850623, y: -0.55997264, z: -0.002855012, w: -1}
  - {x: -0.9475662, y: 0.31955698, z: 0.0012904542, w: -1}
  - {x: -0.8293979, y: 0.55865127, z: 0.002806027, w: -1}
  - {x: -0.9475662, y: 0.31955698, z: 0.0012904542, w: -1}
  - {x: -1, y: -0.000017080925, z: -0.00002535913, w: -1}
  - {x: -0.8293979, y: 0.55865127, z: 0.002806027, w: -1}
  - {x: -0.8293979, y: 0.55865127, z: 0.002806027, w: -1}
  - {x: -0.8293979, y: 0.55865127, z: 0.002806027, w: -1}
  - {x: -0.8293979, y: 0.55865127, z: 0.002806027, w: -1}
  - {x: -1, y: 0, z: -0.000025511115, w: -1}
  - {x: -1, y: 0, z: -0.000025511115, w: -1}
  - {x: -1, y: 0, z: -0.000025511115, w: -1}
  - {x: -1, y: 0, z: -0.000025511115, w: -1}
  - {x: -1, y: -0.000017322638, z: -0.000025717987, w: -1}
  - {x: -1, y: -0.00001740321, z: -0.000025837611, w: -1}
  - {x: -1, y: -0.000017322638, z: -0.000025717987, w: -1}
  - {x: -1, y: -0.000017242066, z: -0.000025598367, w: -1}
  - {x: -0.8293979, y: 0.55865127, z: 0.002806027, w: -1}
  - {x: -0.8293979, y: 0.55865127, z: 0.002806027, w: -1}
  - {x: -0.8293979, y: 0.55865127, z: 0.002806027, w: -1}
  - {x: -0.8293979, y: 0.55865127, z: 0.002806027, w: -1}
  - {x: -0.96139675, y: 0.27496144, z: -0.010605485, w: -1}
  - {x: -1, y: 0, z: -0.000025613506, w: -1}
  - {x: -0.96139675, y: 0.27496144, z: -0.010605485, w: -1}
  - {x: -0.8302706, y: 0.5573535, z: 0.002799434, w: -1}
  - {x: -1, y: 0.000017193652, z: -0.00002552649, w: -1}
  - {x: -1, y: 0.000017199298, z: -0.000025534873, w: -1}
  - {x: -1, y: 0.000017204944, z: -0.000025543255, w: -1}
  - {x: -1, y: 0.000017199298, z: -0.000025534873, w: -1}
  - {x: -1, y: 0, z: -0.000025570722, w: -1}
  - {x: -1, y: 0, z: -0.000025511114, w: -1}
  - {x: -1, y: 0, z: -0.000025570722, w: -1}
  - {x: -1, y: 0, z: -0.000025630326, w: -1}
  - {x: -1, y: 0, z: -0.000025689882, w: -1}
  - {x: -1, y: 0, z: -0.000025630276, w: -1}
  - {x: -1, y: 0, z: -0.000025689882, w: -1}
  - {x: -1, y: 0, z: -0.00002574949, w: -1}
  - {x: -1, y: 0.00001719928, z: -0.000025534846, w: -1}
  - {x: -1, y: 0.00001719365, z: -0.000025526486, w: -1}
  - {x: -1, y: 0.00001719928, z: -0.000025534846, w: -1}
  - {x: -1, y: 0.00001720491, z: -0.000025543206, w: -1}
  - {x: -1, y: 0.00001719365, z: -0.000025526486, w: -1}
  - {x: -0.9478345, y: -0.31876004, z: -0.0013428289, w: -1}
  - {x: -0.82939833, y: -0.5586505, z: -0.002848489, w: -1}
  - {x: -0.9478345, y: -0.31876004, z: -0.0013428289, w: -1}
  - {x: -0.82939833, y: -0.5586505, z: -0.002848489, w: -1}
  - {x: -0.82939833, y: -0.5586505, z: -0.002848489, w: -1}
  - {x: -0.82939833, y: -0.5586505, z: -0.002848489, w: -1}
  - {x: -0.82939833, y: -0.5586505, z: -0.002848489, w: -1}
  m_Colors: []
  m_UnwrapParameters:
    m_HardAngle: 88
    m_PackMargin: 20
    m_AngleError: 8
    m_AreaError: 15
  m_PreserveMeshAssetOnDestroy: 0
  assetGuid: 
  m_Mesh: {fileID: 0}
  m_IsSelectable: 1
  m_SelectedFaces: 
  m_SelectedEdges: []
  m_SelectedVertices: 
--- !u!23 &4788474213131766652
MeshRenderer:
  m_ObjectHideFlags: 0
  m_CorrespondingSourceObject: {fileID: 0}
  m_PrefabInstance: {fileID: 0}
  m_PrefabAsset: {fileID: 0}
  m_GameObject: {fileID: 4788474213131766529}
  m_Enabled: 1
  m_CastShadows: 1
  m_ReceiveShadows: 1
  m_DynamicOccludee: 1
  m_MotionVectors: 1
  m_LightProbeUsage: 1
  m_ReflectionProbeUsage: 1
  m_RayTracingMode: 2
  m_RenderingLayerMask: 1
  m_RendererPriority: 0
  m_Materials:
  - {fileID: 2100000, guid: 31321ba15b8f8eb4c954353edc038b1d, type: 2}
  m_StaticBatchInfo:
    firstSubMesh: 0
    subMeshCount: 0
  m_StaticBatchRoot: {fileID: 0}
  m_ProbeAnchor: {fileID: 0}
  m_LightProbeVolumeOverride: {fileID: 0}
  m_ScaleInLightmap: 1
  m_ReceiveGI: 1
  m_PreserveUVs: 0
  m_IgnoreNormalsForChartDetection: 0
  m_ImportantGI: 0
  m_StitchLightmapSeams: 1
  m_SelectedEditorRenderState: 2
  m_MinimumChartSize: 4
  m_AutoUVMaxDistance: 0.5
  m_AutoUVMaxAngle: 89
  m_LightmapParameters: {fileID: 0}
  m_SortingLayerID: 0
  m_SortingLayer: 0
  m_SortingOrder: 0
--- !u!33 &4788474213131766531
MeshFilter:
  m_ObjectHideFlags: 0
  m_CorrespondingSourceObject: {fileID: 0}
  m_PrefabInstance: {fileID: 0}
  m_PrefabAsset: {fileID: 0}
  m_GameObject: {fileID: 4788474213131766529}
  m_Mesh: {fileID: 0}
--- !u!64 &4788474213131766530
MeshCollider:
  m_ObjectHideFlags: 0
  m_CorrespondingSourceObject: {fileID: 0}
  m_PrefabInstance: {fileID: 0}
  m_PrefabAsset: {fileID: 0}
  m_GameObject: {fileID: 4788474213131766529}
  m_Material: {fileID: 0}
  m_IsTrigger: 0
  m_Enabled: 1
  serializedVersion: 4
  m_Convex: 0
  m_CookingOptions: 30
  m_Mesh: {fileID: 0}
--- !u!95 &4788474213131766655
Animator:
  serializedVersion: 3
  m_ObjectHideFlags: 0
  m_CorrespondingSourceObject: {fileID: 0}
  m_PrefabInstance: {fileID: 0}
  m_PrefabAsset: {fileID: 0}
  m_GameObject: {fileID: 4788474213131766529}
  m_Enabled: 1
  m_Avatar: {fileID: 0}
  m_Controller: {fileID: 9100000, guid: f175e2cd1ccb1604ea662dbed4afaaee, type: 2}
  m_CullingMode: 0
  m_UpdateMode: 0
  m_ApplyRootMotion: 0
  m_LinearVelocityBlending: 0
  m_WarningMessage: 
  m_HasTransformHierarchy: 1
  m_AllowConstantClipSamplingOptimization: 1
  m_KeepAnimatorControllerStateOnDisable: 0
